
		<record>
			<recordSchema>MARC21plus-xml</recordSchema>
			<recordPacking>xml</recordPacking>
			<recordData>
				<collection xmlns="http://www.loc.gov/MARC21/slim">
					<record type="Bibliographic">
						<leader>00000nas a2200000 c 4500</leader>
						<controlfield tag="001">986216739</controlfield>
						<controlfield tag="003">DE-101</controlfield>
						<controlfield tag="005">20190606214551.0</controlfield>
						<controlfield tag="007">tu</controlfield>
						<controlfield tag="008">071030d19351940xx u||p|  ||| 0||||1ger c</controlfield>
						<datafield tag="016" ind1="7" ind2=" ">
							<subfield code="2">DE-600</subfield>
							<subfield code="a">2394113-3</subfield>
						</datafield>
						<datafield tag="016" ind1="7" ind2=" ">
							<subfield code="2">DE-101</subfield>
							<subfield code="a">986216739</subfield>
						</datafield>
						<datafield tag="035" ind1=" " ind2=" ">
							<subfield code="a">(DE-599)ZDB2394113-3</subfield>
						</datafield>
						<datafield tag="035" ind1=" " ind2=" ">
							<subfield code="a">(OCoLC)1368883585</subfield>
						</datafield>
						<datafield tag="040" ind1=" " ind2=" ">
							<subfield code="a">0061</subfield>
							<subfield code="b">ger</subfield>
							<subfield code="c">DE-101</subfield>
							<subfield code="d">9001</subfield>
						</datafield>
						<datafield tag="041" ind1=" " ind2=" ">
							<subfield code="a">ger</subfield>
						</datafield>
						<datafield tag="042" ind1=" " ind2=" ">
							<subfield code="a">zdb</subfield>
						</datafield>
						<datafield tag="044" ind1=" " ind2=" ">
							<subfield code="c">XA-DXDE</subfield>
						</datafield>
						<datafield tag="082" ind1="7" ind2="4">
							<subfield code="a">914.3</subfield>
							<subfield code="a">943</subfield>
							<subfield code="q">DE-600</subfield>
							<subfield code="2">22sdnb</subfield>
						</datafield>
						<datafield tag="110" ind1="2" ind2=" ">
							<subfield code="0">(DE-588)42625-8</subfield>
							<subfield code="0">https://d-nb.info/gnd/42625-8</subfield>
							<subfield code="0">(DE-101)000426253</subfield>
							<subfield code="a">Schlossbauverein Burg an der Wupper</subfield>
							<subfield code="e">Verfasser</subfield>
							<subfield code="4">aut</subfield>
							<subfield code="2">gnd</subfield>
						</datafield>
						<datafield tag="245" ind1="1" ind2="0">
							<subfield code="a">Jahresbericht / Schloßbauverein Burg an der Wupper</subfield>
						</datafield>
						<datafield tag="264" ind1="3" ind2="1">
							<subfield code="a">[Remscheid]</subfield>
							<subfield code="b">[Verlag nicht ermittelbar]</subfield>
							<subfield code="c">1935-1940</subfield>
						</datafield>
						<datafield tag="336" ind1=" " ind2=" ">
							<subfield code="a">Text</subfield>
							<subfield code="b">txt</subfield>
							<subfield code="2">rdacontent</subfield>
						</datafield>
						<datafield tag="337" ind1=" " ind2=" ">
							<subfield code="a">ohne Hilfsmittel zu benutzen</subfield>
							<subfield code="b">n</subfield>
							<subfield code="2">rdamedia</subfield>
						</datafield>
						<datafield tag="338" ind1=" " ind2=" ">
							<subfield code="a">Band</subfield>
							<subfield code="b">nc</subfield>
							<subfield code="2">rdacarrier</subfield>
						</datafield>
						<datafield tag="362" ind1="0" ind2=" ">
							<subfield code="a">Nachgewiesen 1935/36 - 1939/40</subfield>
						</datafield>
						<datafield tag="363" ind1="0" ind2="0">
							<subfield code="8">1.1\x</subfield>
							<subfield code="i">1935/36</subfield>
						</datafield>
						<datafield tag="363" ind1="1" ind2="0">
							<subfield code="8">1.2\x</subfield>
							<subfield code="i">1939/40</subfield>
						</datafield>
						<datafield tag="655" ind1=" " ind2="7">
							<subfield code="0">(DE-588)4067488-5</subfield>
							<subfield code="0">https://d-nb.info/gnd/4067488-5</subfield>
							<subfield code="0">(DE-101)040674886</subfield>
							<subfield code="a">Zeitschrift</subfield>
							<subfield code="2">gnd-content</subfield>
						</datafield>
						<datafield tag="780" ind1="0" ind2="0">
							<subfield code="i">Vorg.:</subfield>
							<subfield code="a">Schlossbauverein Burg an der Wupper</subfield>
							<subfield code="t">Einladung zur Mitglieder-Versammlung des Schloßbauvereins Burg an der Wupper am ... im großen Saale des Schlosses und Jahresbericht ...</subfield>
							<subfield code="d">Remscheid . Ziegler : [Verlag nicht ermittelbar], 1927-1932</subfield>
							<subfield code="w">(DE-600)2394083-9</subfield>
							<subfield code="w">(DE-101)986214884</subfield>
						</datafield>
						<datafield tag="785" ind1="0" ind2="0">
							<subfield code="i">Forts.:</subfield>
							<subfield code="a">Schlossbauverein Burg an der Wupper</subfield>
							<subfield code="t">Bericht über das Geschäftsjahr ... / Schloßbauverein Burg a.d. Wupper</subfield>
							<subfield code="d">[Remscheid] : [Verlag nicht ermittelbar], 1940-1942</subfield>
							<subfield code="w">(DE-600)2394116-9</subfield>
							<subfield code="w">(DE-101)986217050</subfield>
						</datafield>
					</record>

					<record type="Holdings">
						<leader>00000ny  a22000003n 4500</leader>
						<controlfield tag="001">132496615</controlfield>
						<controlfield tag="003">DE-101</controlfield>
						<controlfield tag="005">20211209165432.0</controlfield>
						<controlfield tag="008">071030||||||||||||||||ger|||||||</controlfield>
						<datafield tag="035" ind1=" " ind2=" ">
							<subfield code="a">(DE-605)22246079190006443</subfield>
						</datafield>
						<datafield tag="092" ind1=" " ind2=" ">
							<subfield code="a">401000-0</subfield>
							<subfield code="d">61</subfield>
							<subfield code="k">NRW</subfield>
							<subfield code="l">a</subfield>
							<subfield code="o">b</subfield>
						</datafield>
						<datafield tag="852" ind1=" " ind2=" ">
							<subfield code="8">1</subfield>
						</datafield>
						<datafield tag="852" ind1=" " ind2="1">
							<subfield code="c">DSpG 169 (2)</subfield>
							<subfield code="9">00</subfield>
						</datafield>
						<datafield tag="852" ind1=" " ind2="2">
							<subfield code="b">24</subfield>
							<subfield code="9">09</subfield>
						</datafield>
						<datafield tag="852" ind1=" " ind2=" ">
							<subfield code="a">DE-61</subfield>
						</datafield>
						<datafield tag="859" ind1="0" ind2="0">
							<subfield code="8">1.1\x</subfield>
							<subfield code="i">1935/36</subfield>
						</datafield>
						<datafield tag="859" ind1="0" ind2="0">
							<subfield code="8">2.1\x</subfield>
							<subfield code="i">1939/40</subfield>
						</datafield>
						<datafield tag="866" ind1="3" ind2="0">
							<subfield code="a">1935/36; 1939/40</subfield>
						</datafield>
						<datafield tag="866" ind1=" " ind2="0">
							<subfield code="z">1939/40 maschinenschriftlich vervielfältigt; Nr. 19-20 in Kapsel</subfield>
						</datafield>
						<datafield tag="933" ind1=" " ind2=" ">
							<subfield code="a">CC0</subfield>
						</datafield>
					</record>
					<record type="Holdings">
						<leader>00000ny  a22000003n 4500</leader>
						<controlfield tag="001">625439376</controlfield>
						<controlfield tag="003">DE-101</controlfield>
						<controlfield tag="005">20190606131238.0</controlfield>
						<controlfield tag="008">190606||||||||||||||||ger|||||||</controlfield>
						<datafield tag="092" ind1=" " ind2=" ">
							<subfield code="a">568101-7</subfield>
							<subfield code="d">Sol 1</subfield>
							<subfield code="k">NRW</subfield>
							<subfield code="l">b</subfield>
							<subfield code="o">d</subfield>
						</datafield>
						<datafield tag="852" ind1=" " ind2="1">
							<subfield code="c">KA 4232</subfield>
							<subfield code="9">00</subfield>
						</datafield>
						<datafield tag="852" ind1=" " ind2=" ">
							<subfield code="a">DE-Sol1</subfield>
						</datafield>
						<datafield tag="859" ind1="0" ind2="0">
							<subfield code="8">1.1\x</subfield>
							<subfield code="i">1935/36</subfield>
						</datafield>
						<datafield tag="866" ind1="3" ind2="0">
							<subfield code="a">1935/36</subfield>
						</datafield>
						<datafield tag="933" ind1=" " ind2=" ">
							<subfield code="a">CC0</subfield>
						</datafield>
					</record>
				</collection>
			</recordData>
			<recordPosition>2</recordPosition>
		</record>