
		<record>
			<recordSchema>MARC21plus-xml</recordSchema>
			<recordPacking>xml</recordPacking>
			<recordData>
				<collection xmlns="http://www.loc.gov/MARC21/slim">
					<record type="Bibliographic">
						<leader>00000nas a2200000 c 4500</leader>
						<controlfield tag="001">983885869</controlfield>
						<controlfield tag="003">DE-101</controlfield>
						<controlfield tag="005">20231011215149.0</controlfield>
						<controlfield tag="007">tu</controlfield>
						<controlfield tag="008">070419d20072010gw z||p|  ||| 0||||1ger c</controlfield>
						<datafield tag="016" ind1="7" ind2=" ">
							<subfield code="2">DE-600</subfield>
							<subfield code="a">2279406-2</subfield>
						</datafield>
						<datafield tag="016" ind1="7" ind2=" ">
							<subfield code="2">DE-101</subfield>
							<subfield code="a">983885869</subfield>
						</datafield>
						<datafield tag="035" ind1=" " ind2=" ">
							<subfield code="a">(DE-599)ZDB2279406-2</subfield>
						</datafield>
						<datafield tag="035" ind1=" " ind2=" ">
							<subfield code="a">(OCoLC)723629202</subfield>
						</datafield>
						<datafield tag="040" ind1=" " ind2=" ">
							<subfield code="a">1241</subfield>
							<subfield code="b">ger</subfield>
							<subfield code="c">DE-101</subfield>
							<subfield code="d">9001</subfield>
						</datafield>
						<datafield tag="041" ind1=" " ind2=" ">
							<subfield code="a">ger</subfield>
						</datafield>
						<datafield tag="042" ind1=" " ind2=" ">
							<subfield code="a">zdb</subfield>
						</datafield>
						<datafield tag="044" ind1=" " ind2=" ">
							<subfield code="c">XA-DE</subfield>
						</datafield>
						<datafield tag="082" ind1="7" ind2="4">
							<subfield code="a">610</subfield>
							<subfield code="q">DE-101</subfield>
							<subfield code="2">22sdnb</subfield>
						</datafield>
						<datafield tag="083" ind1="7" ind2=" ">
							<subfield code="a">050</subfield>
							<subfield code="q">DE-600</subfield>
							<subfield code="2">22sdnb</subfield>
						</datafield>
						<datafield tag="245" ind1="0" ind2="0">
							<subfield code="a">&#152;Der&#156; Saunaführer für die Regionen Aachen, Köln, Bonn und Bergisches Land</subfield>
							<subfield code="b">wir stellen ... Saunen vor und laden Sie ein zum Besuch mit Gutscheinen im Gesamtwert von über ...</subfield>
						</datafield>
						<datafield tag="246" ind1="3" ind2=" ">
							<subfield code="a">&#152;Der&#156; Saunaführer / Aachen, Köln, Bonn und Bergisches Land</subfield>
						</datafield>
						<datafield tag="247" ind1="0" ind2="0">
							<subfield code="a">&#152;Der&#156; Saunaführer / Regionen Aachen, Köln, Bonn und Bergisches Land</subfield>
							<subfield code="f">Nebent. anfangs</subfield>
						</datafield>
						<datafield tag="247" ind1="0" ind2="0">
							<subfield code="a">&#152;Der&#156; Saunaführer / 6</subfield>
							<subfield code="f">Nebent. ab 3.2010</subfield>
						</datafield>
						<datafield tag="264" ind1="3" ind2="1">
							<subfield code="a">Ludwigsburg</subfield>
							<subfield code="b">Ed. 1.6, Hufer</subfield>
							<subfield code="c">2007-2010</subfield>
						</datafield>
						<datafield tag="300" ind1=" " ind2=" ">
							<subfield code="c">24 cm</subfield>
						</datafield>
						<datafield tag="336" ind1=" " ind2=" ">
							<subfield code="a">Text</subfield>
							<subfield code="b">txt</subfield>
							<subfield code="2">rdacontent</subfield>
						</datafield>
						<datafield tag="337" ind1=" " ind2=" ">
							<subfield code="a">ohne Hilfsmittel zu benutzen</subfield>
							<subfield code="b">n</subfield>
							<subfield code="2">rdamedia</subfield>
						</datafield>
						<datafield tag="338" ind1=" " ind2=" ">
							<subfield code="a">Band</subfield>
							<subfield code="b">nc</subfield>
							<subfield code="2">rdacarrier</subfield>
						</datafield>
						<datafield tag="362" ind1="0" ind2=" ">
							<subfield code="a">Aufl. 1.2007 - 3.2010</subfield>
						</datafield>
						<datafield tag="363" ind1="0" ind2="0">
							<subfield code="8">1.1\x</subfield>
							<subfield code="a">1</subfield>
							<subfield code="i">2007</subfield>
						</datafield>
						<datafield tag="363" ind1="1" ind2="0">
							<subfield code="8">1.2\x</subfield>
							<subfield code="a">3</subfield>
							<subfield code="i">2010</subfield>
						</datafield>
						<datafield tag="515" ind1=" " ind2=" ">
							<subfield code="a">Ersch. unregelmäßig</subfield>
						</datafield>
						<datafield tag="655" ind1=" " ind2="7">
							<subfield code="0">(DE-588)4067488-5</subfield>
							<subfield code="0">https://d-nb.info/gnd/4067488-5</subfield>
							<subfield code="0">(DE-101)040674886</subfield>
							<subfield code="a">Zeitschrift</subfield>
							<subfield code="2">gnd-content</subfield>
						</datafield>
						<datafield tag="785" ind1="0" ind2="0">
							<subfield code="i">Forts.:</subfield>
							<subfield code="t">&#152;Der&#156; Saunaführer / Aachen, Köln, Bonn und Bergisches Land</subfield>
							<subfield code="d">Hörstel : Druck- und Verlagshaus Wiege GmbH, 2012-</subfield>
							<subfield code="w">(DE-600)2757152-X</subfield>
							<subfield code="w">(DE-101)1047471256</subfield>
							<subfield code="b">Region Aachen, Köln, Bonn, Bergisches Land &amp; Niederrhein Süd</subfield>
						</datafield>
					</record>

					<record type="Holdings">
						<leader>00000ny  a22000003n 4500</leader>
						<controlfield tag="001">126333637</controlfield>
						<controlfield tag="003">DE-101</controlfield>
						<controlfield tag="005">20101111103337.0</controlfield>
						<controlfield tag="008">070502||||||||||||||||ger|||||||</controlfield>
						<datafield tag="092" ind1=" " ind2=" ">
							<subfield code="a">700100-9</subfield>
							<subfield code="d">24</subfield>
							<subfield code="k">BAW</subfield>
							<subfield code="l">a</subfield>
							<subfield code="o">c</subfield>
						</datafield>
						<datafield tag="852" ind1=" " ind2=" ">
							<subfield code="8">1</subfield>
						</datafield>
						<datafield tag="852" ind1=" " ind2="1">
							<subfield code="c">ZC 81595</subfield>
							<subfield code="9">00</subfield>
						</datafield>
						<datafield tag="852" ind1=" " ind2=" ">
							<subfield code="a">DE-24</subfield>
						</datafield>
						<datafield tag="859" ind1="0" ind2="0">
							<subfield code="8">1.1\x</subfield>
							<subfield code="a">1</subfield>
							<subfield code="i">2007</subfield>
						</datafield>
						<datafield tag="859" ind1="1" ind2="0">
							<subfield code="8">1.2\x</subfield>
							<subfield code="a">3</subfield>
							<subfield code="i">2010</subfield>
						</datafield>
						<datafield tag="866" ind1="3" ind2="0">
							<subfield code="a">1.2007 - 3.2010</subfield>
						</datafield>
						<datafield tag="866" ind1=" " ind2="0">
							<subfield code="x">RSWK 5/07</subfield>
						</datafield>
						<datafield tag="933" ind1=" " ind2=" ">
							<subfield code="a">CC0</subfield>
						</datafield>
					</record>
					<record type="Holdings">
						<leader>00000ny  a22000003n 4500</leader>
						<controlfield tag="001">1025981634</controlfield>
						<controlfield tag="003">DE-101</controlfield>
						<controlfield tag="005">20231011101219.0</controlfield>
						<controlfield tag="008">231011||||||||||||||||ger|||||||</controlfield>
						<datafield tag="092" ind1=" " ind2=" ">
							<subfield code="a">568101-7</subfield>
							<subfield code="d">Sol 1</subfield>
							<subfield code="k">NRW</subfield>
							<subfield code="l">b</subfield>
							<subfield code="o">d</subfield>
							<subfield code="y">wk</subfield>
						</datafield>
						<datafield tag="852" ind1=" " ind2="1">
							<subfield code="c">MA 3745</subfield>
							<subfield code="9">00</subfield>
						</datafield>
						<datafield tag="852" ind1=" " ind2=" ">
							<subfield code="a">DE-Sol1</subfield>
						</datafield>
						<datafield tag="859" ind1="0" ind2="0">
							<subfield code="8">1.1\x</subfield>
							<subfield code="a">1</subfield>
							<subfield code="i">2007</subfield>
						</datafield>
						<datafield tag="866" ind1="3" ind2="0">
							<subfield code="a">1.2007</subfield>
						</datafield>
						<datafield tag="933" ind1=" " ind2=" ">
							<subfield code="a">CC0</subfield>
						</datafield>
					</record>
				</collection>
			</recordData>
			<recordPosition>3</recordPosition>
		</record>