
		<record>
			<recordSchema>MARC21plus-xml</recordSchema>
			<recordPacking>xml</recordPacking>
			<recordData>
				<collection xmlns="http://www.loc.gov/MARC21/slim">
					<record type="Bibliographic">
						<leader>00000nas a2200000 c 4500</leader>
						<controlfield tag="001">992507847</controlfield>
						<controlfield tag="003">DE-101</controlfield>
						<controlfield tag="005">20221031154520.0</controlfield>
						<controlfield tag="007">tu</controlfield>
						<controlfield tag="008">090204d20082010gw u||p|  ||| 0||||1ger c</controlfield>
						<datafield tag="016" ind1="7" ind2=" ">
							<subfield code="2">DE-600</subfield>
							<subfield code="a">2477921-0</subfield>
						</datafield>
						<datafield tag="016" ind1="7" ind2=" ">
							<subfield code="2">DE-101</subfield>
							<subfield code="a">992507847</subfield>
						</datafield>
						<datafield tag="035" ind1=" " ind2=" ">
							<subfield code="a">(DE-599)ZDB2477921-0</subfield>
						</datafield>
						<datafield tag="035" ind1=" " ind2=" ">
							<subfield code="a">(OCoLC)646578197</subfield>
						</datafield>
						<datafield tag="040" ind1=" " ind2=" ">
							<subfield code="a">0001</subfield>
							<subfield code="b">ger</subfield>
							<subfield code="c">DE-101</subfield>
							<subfield code="d">9001</subfield>
						</datafield>
						<datafield tag="041" ind1=" " ind2=" ">
							<subfield code="a">ger</subfield>
						</datafield>
						<datafield tag="042" ind1=" " ind2=" ">
							<subfield code="a">zdb</subfield>
						</datafield>
						<datafield tag="044" ind1=" " ind2=" ">
							<subfield code="c">XA-DE</subfield>
						</datafield>
						<datafield tag="082" ind1="7" ind2="4">
							<subfield code="a">300</subfield>
							<subfield code="q">DE-101</subfield>
							<subfield code="2">22sdnb</subfield>
						</datafield>
						<datafield tag="083" ind1="7" ind2=" ">
							<subfield code="a">310</subfield>
							<subfield code="q">DE-600</subfield>
							<subfield code="2">22sdnb</subfield>
						</datafield>
						<datafield tag="084" ind1=" " ind2=" ">
							<subfield code="a">Solingen</subfield>
							<subfield code="0">https://nwbib.de/spatial#Q2942</subfield>
							<subfield code="2">nwbib</subfield>
						</datafield>
						<datafield tag="084" ind1=" " ind2=" ">
							<subfield code="a">Wirtschaftsstatistik</subfield>
							<subfield code="0">https://nwbib.de/subjects#N543080</subfield>
							<subfield code="2">nwbib</subfield>
						</datafield>
						<datafield tag="084" ind1=" " ind2=" ">
							<subfield code="a">Bevölkerung - Allgemeines</subfield>
							<subfield code="0">https://nwbib.de/subjects#N500100</subfield>
							<subfield code="2">nwbib</subfield>
						</datafield>
						<datafield tag="245" ind1="0" ind2="0">
							<subfield code="a">Solingen im Städtevergleich ...</subfield>
						</datafield>
						<datafield tag="246" ind1="3" ind2=" ">
							<subfield code="a">Beitrag zur Stadtforschung / Solingen im Städtevergleich</subfield>
						</datafield>
						<datafield tag="264" ind1="3" ind2="1">
							<subfield code="a">Solingen</subfield>
							<subfield code="b">[Verlag nicht ermittelbar]</subfield>
							<subfield code="c">2008-2010</subfield>
						</datafield>
						<datafield tag="336" ind1=" " ind2=" ">
							<subfield code="a">Text</subfield>
							<subfield code="b">txt</subfield>
							<subfield code="2">rdacontent</subfield>
						</datafield>
						<datafield tag="337" ind1=" " ind2=" ">
							<subfield code="a">ohne Hilfsmittel zu benutzen</subfield>
							<subfield code="b">n</subfield>
							<subfield code="2">rdamedia</subfield>
						</datafield>
						<datafield tag="338" ind1=" " ind2=" ">
							<subfield code="a">Band</subfield>
							<subfield code="b">nc</subfield>
							<subfield code="2">rdacarrier</subfield>
						</datafield>
						<datafield tag="362" ind1="0" ind2=" ">
							<subfield code="a">2007(2008) - 2008(2010); damit Ersch. eingest.</subfield>
						</datafield>
						<datafield tag="363" ind1="0" ind2="0">
							<subfield code="8">1.1\x</subfield>
							<subfield code="i">2007</subfield>
						</datafield>
						<datafield tag="363" ind1="1" ind2="0">
							<subfield code="8">1.2\x</subfield>
							<subfield code="i">2008</subfield>
						</datafield>
						<datafield tag="591" ind1=" " ind2=" ">
							<subfield code="a">61!(26-05-14)</subfield>
						</datafield>
						<datafield tag="655" ind1=" " ind2="7">
							<subfield code="0">(DE-588)4067488-5</subfield>
							<subfield code="0">https://d-nb.info/gnd/4067488-5</subfield>
							<subfield code="0">(DE-101)040674886</subfield>
							<subfield code="a">Zeitschrift</subfield>
							<subfield code="2">gnd-content</subfield>
						</datafield>
						<datafield tag="710" ind1="1" ind2=" ">
							<subfield code="0">(DE-588)4055431-4</subfield>
							<subfield code="0">https://d-nb.info/gnd/4055431-4</subfield>
							<subfield code="0">(DE-101)040554317</subfield>
							<subfield code="a">Solingen</subfield>
							<subfield code="e">Herausgebendes Organ</subfield>
							<subfield code="4">isb</subfield>
							<subfield code="2">gnd</subfield>
						</datafield>
						<datafield tag="710" ind1="1" ind2=" ">
							<subfield code="0">(DE-588)5290286-9</subfield>
							<subfield code="0">https://d-nb.info/gnd/5290286-9</subfield>
							<subfield code="0">(DE-101)954535480</subfield>
							<subfield code="a">Solingen</subfield>
							<subfield code="b">Stadtdienst Statistik</subfield>
							<subfield code="e">Herausgebendes Organ</subfield>
							<subfield code="4">isb</subfield>
							<subfield code="2">gnd</subfield>
						</datafield>
						<datafield tag="787" ind1="0" ind2="8">
							<subfield code="i">2007=113; 2008=119 von</subfield>
							<subfield code="t">Beitrag zur Stadtforschung</subfield>
							<subfield code="d">Solingen : [Verlag nicht ermittelbar], 1993-</subfield>
							<subfield code="w">(DE-600)1190052-0</subfield>
							<subfield code="w">(DE-101)017173353</subfield>
						</datafield>
					</record>

					<record type="Holdings">
						<leader>00000ny  a22000003n 4500</leader>
						<controlfield tag="001">839884435</controlfield>
						<controlfield tag="003">DE-101</controlfield>
						<controlfield tag="005">20221012183839.0</controlfield>
						<controlfield tag="008">090204||||||||||||||||ger|||||||</controlfield>
						<datafield tag="035" ind1=" " ind2=" ">
							<subfield code="a">(DE-601)920308627</subfield>
						</datafield>
						<datafield tag="035" ind1=" " ind2=" ">
							<subfield code="a">(DE-1a)590882996</subfield>
						</datafield>
						<datafield tag="092" ind1=" " ind2=" ">
							<subfield code="a">101005-0</subfield>
							<subfield code="d">1a</subfield>
							<subfield code="k">BER</subfield>
							<subfield code="l">a</subfield>
							<subfield code="o">c</subfield>
						</datafield>
						<datafield tag="852" ind1=" " ind2=" ">
							<subfield code="8">1</subfield>
						</datafield>
						<datafield tag="852" ind1=" " ind2="1">
							<subfield code="c">Zsn 124790</subfield>
							<subfield code="m">u</subfield>
							<subfield code="=">l</subfield>
							<subfield code="9">00</subfield>
						</datafield>
						<datafield tag="852" ind1=" " ind2="2">
							<subfield code="b">Außenmagazin</subfield>
							<subfield code="9">09</subfield>
						</datafield>
						<datafield tag="852" ind1=" " ind2=" ">
							<subfield code="a">DE-1a</subfield>
						</datafield>
						<datafield tag="859" ind1="0" ind2="0">
							<subfield code="8">1.1\x</subfield>
							<subfield code="i">2007</subfield>
						</datafield>
						<datafield tag="859" ind1="1" ind2="0">
							<subfield code="8">1.2\x</subfield>
							<subfield code="i">2008</subfield>
						</datafield>
						<datafield tag="866" ind1="3" ind2="0">
							<subfield code="a">2007(2008) - 2008(2010)</subfield>
						</datafield>
						<datafield tag="933" ind1=" " ind2=" ">
							<subfield code="a">CC0</subfield>
						</datafield>
					</record>
					<record type="Holdings">
						<leader>00000ny  a22000003n 4500</leader>
						<controlfield tag="001">815495668</controlfield>
						<controlfield tag="003">DE-101</controlfield>
						<controlfield tag="005">20220913062446.0</controlfield>
						<controlfield tag="008">090902||||||||||||||||ger|||||||</controlfield>
						<datafield tag="035" ind1=" " ind2=" ">
							<subfield code="a">(DE-601)946462860</subfield>
						</datafield>
						<datafield tag="035" ind1=" " ind2=" ">
							<subfield code="a">(DE-7-148)590882996</subfield>
						</datafield>
						<datafield tag="092" ind1=" " ind2=" ">
							<subfield code="a">341148-5</subfield>
							<subfield code="d">7/148</subfield>
							<subfield code="k">NIE</subfield>
							<subfield code="l">b</subfield>
							<subfield code="o">d</subfield>
						</datafield>
						<datafield tag="852" ind1=" " ind2=" ">
							<subfield code="8">1</subfield>
						</datafield>
						<datafield tag="852" ind1=" " ind2="0">
							<subfield code="=">n</subfield>
							<subfield code="9">00</subfield>
						</datafield>
						<datafield tag="852" ind1=" " ind2=" ">
							<subfield code="a">DE-7-148</subfield>
						</datafield>
						<datafield tag="856" ind1="4" ind2="0">
							<subfield code="u">https://gvk.k10plus.de/CLK?IKT=1052&amp;TRM=2477921-0</subfield>
						</datafield>
						<datafield tag="866" ind1=" " ind2="0">
							<subfield code="z">Bestand s. GVK (Link anklicken)</subfield>
						</datafield>
						<datafield tag="933" ind1=" " ind2=" ">
							<subfield code="a">CC0</subfield>
						</datafield>
					</record>
					<record type="Holdings">
						<leader>00000ny  a22000003n 4500</leader>
						<controlfield tag="001">170790282</controlfield>
						<controlfield tag="003">DE-101</controlfield>
						<controlfield tag="005">20231018195505.0</controlfield>
						<controlfield tag="008">100302||||||||||||||||ger|||||||</controlfield>
						<datafield tag="035" ind1=" " ind2=" ">
							<subfield code="a">(DE-605)22238316550006476</subfield>
						</datafield>
						<datafield tag="092" ind1=" " ind2=" ">
							<subfield code="a">501000-7</subfield>
							<subfield code="d">38</subfield>
							<subfield code="k">NRW</subfield>
							<subfield code="l">a</subfield>
							<subfield code="o">c</subfield>
						</datafield>
						<datafield tag="852" ind1=" " ind2=" ">
							<subfield code="8">1</subfield>
						</datafield>
						<datafield tag="852" ind1=" " ind2="1">
							<subfield code="c">XK4099</subfield>
							<subfield code="9">00</subfield>
						</datafield>
						<datafield tag="852" ind1=" " ind2=" ">
							<subfield code="a">DE-38</subfield>
						</datafield>
						<datafield tag="859" ind1="0" ind2="0">
							<subfield code="8">1.1\x</subfield>
							<subfield code="i">2008</subfield>
						</datafield>
						<datafield tag="866" ind1="3" ind2="0">
							<subfield code="a">2008</subfield>
						</datafield>
						<datafield tag="933" ind1=" " ind2=" ">
							<subfield code="a">CC0</subfield>
						</datafield>
					</record>
					<record type="Holdings">
						<leader>00000ny  a22000003n 4500</leader>
						<controlfield tag="001">170639258</controlfield>
						<controlfield tag="003">DE-101</controlfield>
						<controlfield tag="005">20211209171630.0</controlfield>
						<controlfield tag="008">100225||||||||||||||||ger|||||||</controlfield>
						<datafield tag="035" ind1=" " ind2=" ">
							<subfield code="a">(DE-605)22247262180006443</subfield>
						</datafield>
						<datafield tag="092" ind1=" " ind2=" ">
							<subfield code="a">401000-0</subfield>
							<subfield code="d">61</subfield>
							<subfield code="k">NRW</subfield>
							<subfield code="l">a</subfield>
							<subfield code="o">b</subfield>
						</datafield>
						<datafield tag="852" ind1=" " ind2=" ">
							<subfield code="8">1</subfield>
						</datafield>
						<datafield tag="852" ind1=" " ind2="1">
							<subfield code="c">zy 841</subfield>
							<subfield code="9">00</subfield>
						</datafield>
						<datafield tag="852" ind1=" " ind2="2">
							<subfield code="b">00</subfield>
							<subfield code="9">09</subfield>
						</datafield>
						<datafield tag="852" ind1=" " ind2=" ">
							<subfield code="a">DE-61</subfield>
						</datafield>
						<datafield tag="859" ind1="0" ind2="0">
							<subfield code="8">1.1\x</subfield>
							<subfield code="i">2007</subfield>
						</datafield>
						<datafield tag="859" ind1="1" ind2="0">
							<subfield code="8">1.2\x</subfield>
							<subfield code="i">2008</subfield>
						</datafield>
						<datafield tag="866" ind1="3" ind2="0">
							<subfield code="a">2007(2008) - 2008(2010)</subfield>
						</datafield>
						<datafield tag="933" ind1=" " ind2=" ">
							<subfield code="a">CC0</subfield>
						</datafield>
					</record>
					<record type="Holdings">
						<leader>00000ny  a22000003n 4500</leader>
						<controlfield tag="001">246849878</controlfield>
						<controlfield tag="003">DE-101</controlfield>
						<controlfield tag="005">20140624093442.0</controlfield>
						<controlfield tag="008">090518||||||||||||||||ger|||||||</controlfield>
						<datafield tag="092" ind1=" " ind2=" ">
							<subfield code="a">170100-9</subfield>
							<subfield code="d">109</subfield>
							<subfield code="k">BER</subfield>
							<subfield code="l">a</subfield>
							<subfield code="o">b</subfield>
							<subfield code="y">11</subfield>
						</datafield>
						<datafield tag="852" ind1=" " ind2=" ">
							<subfield code="8">1</subfield>
						</datafield>
						<datafield tag="852" ind1=" " ind2="1">
							<subfield code="c">Zs 7844</subfield>
							<subfield code="9">00</subfield>
						</datafield>
						<datafield tag="852" ind1=" " ind2="2">
							<subfield code="b">BStB</subfield>
							<subfield code="9">09</subfield>
						</datafield>
						<datafield tag="852" ind1=" " ind2=" ">
							<subfield code="a">DE-109</subfield>
						</datafield>
						<datafield tag="859" ind1="0" ind2="0">
							<subfield code="8">1.1\x</subfield>
							<subfield code="i">2007</subfield>
						</datafield>
						<datafield tag="859" ind1="1" ind2="0">
							<subfield code="8">1.2\x</subfield>
							<subfield code="i">2008</subfield>
						</datafield>
						<datafield tag="866" ind1="3" ind2="0">
							<subfield code="a">2007(2008) - 2008(2010)</subfield>
						</datafield>
						<datafield tag="933" ind1=" " ind2=" ">
							<subfield code="a">CC0</subfield>
						</datafield>
					</record>
					<record type="Holdings">
						<leader>00000ny  a22000003n 4500</leader>
						<controlfield tag="001">1026175828</controlfield>
						<controlfield tag="003">DE-101</controlfield>
						<controlfield tag="005">20231012074736.0</controlfield>
						<controlfield tag="008">231012||||||||||||||||ger|||||||</controlfield>
						<datafield tag="092" ind1=" " ind2=" ">
							<subfield code="a">568101-7</subfield>
							<subfield code="d">Sol 1</subfield>
							<subfield code="k">NRW</subfield>
							<subfield code="l">b</subfield>
							<subfield code="o">d</subfield>
							<subfield code="y">wk</subfield>
						</datafield>
						<datafield tag="852" ind1=" " ind2="1">
							<subfield code="c">GS 12</subfield>
							<subfield code="9">00</subfield>
						</datafield>
						<datafield tag="852" ind1=" " ind2=" ">
							<subfield code="a">DE-Sol1</subfield>
						</datafield>
						<datafield tag="859" ind1="0" ind2="0">
							<subfield code="8">1.1\x</subfield>
							<subfield code="i">2007</subfield>
						</datafield>
						<datafield tag="859" ind1="1" ind2="0">
							<subfield code="8">1.2\x</subfield>
							<subfield code="i">2008</subfield>
						</datafield>
						<datafield tag="866" ind1="3" ind2="0">
							<subfield code="a">2007(2008) - 2008(2010)</subfield>
						</datafield>
						<datafield tag="933" ind1=" " ind2=" ">
							<subfield code="a">CC0</subfield>
						</datafield>
					</record>
				</collection>
			</recordData>
			<recordPosition>4</recordPosition>
		</record>