
		<record>
			<recordSchema>MARC21plus-xml</recordSchema>
			<recordPacking>xml</recordPacking>
			<recordData>
				<collection xmlns="http://www.loc.gov/MARC21/slim">
					<record type="Bibliographic">
						<leader>00000nas a2200000 c 4500</leader>
						<controlfield tag="001">981785794</controlfield>
						<controlfield tag="003">DE-101</controlfield>
						<controlfield tag="005">20171201194826.0</controlfield>
						<controlfield tag="007">tu</controlfield>
						<controlfield tag="008">061103d19501954gw u||p|  ||| 0||||1ger c</controlfield>
						<datafield tag="016" ind1="7" ind2=" ">
							<subfield code="2">DE-600</subfield>
							<subfield code="a">2257162-0</subfield>
						</datafield>
						<datafield tag="016" ind1="7" ind2=" ">
							<subfield code="2">DE-101</subfield>
							<subfield code="a">981785794</subfield>
						</datafield>
						<datafield tag="035" ind1=" " ind2=" ">
							<subfield code="a">(DE-599)ZDB2257162-0</subfield>
						</datafield>
						<datafield tag="035" ind1=" " ind2=" ">
							<subfield code="a">(OCoLC)315753973</subfield>
						</datafield>
						<datafield tag="040" ind1=" " ind2=" ">
							<subfield code="a">0006</subfield>
							<subfield code="b">ger</subfield>
							<subfield code="c">DE-101</subfield>
							<subfield code="d">9999</subfield>
						</datafield>
						<datafield tag="041" ind1=" " ind2=" ">
							<subfield code="a">ger</subfield>
						</datafield>
						<datafield tag="042" ind1=" " ind2=" ">
							<subfield code="a">zdb</subfield>
						</datafield>
						<datafield tag="044" ind1=" " ind2=" ">
							<subfield code="c">XA-DE</subfield>
						</datafield>
						<datafield tag="082" ind1="7" ind2="4">
							<subfield code="a">060</subfield>
							<subfield code="q">DE-600</subfield>
							<subfield code="2">22sdnb</subfield>
						</datafield>
						<datafield tag="245" ind1="0" ind2="0">
							<subfield code="a">Hefte zur Geschichte von Ennepetal-Voerde</subfield>
						</datafield>
						<datafield tag="264" ind1="3" ind2="1">
							<subfield code="a">[Schwelm]</subfield>
							<subfield code="b">[Verlag nicht ermittelbar]</subfield>
							<subfield code="c">1950-1954</subfield>
						</datafield>
						<datafield tag="336" ind1=" " ind2=" ">
							<subfield code="a">Text</subfield>
							<subfield code="b">txt</subfield>
							<subfield code="2">rdacontent</subfield>
						</datafield>
						<datafield tag="337" ind1=" " ind2=" ">
							<subfield code="a">ohne Hilfsmittel zu benutzen</subfield>
							<subfield code="b">n</subfield>
							<subfield code="2">rdamedia</subfield>
						</datafield>
						<datafield tag="338" ind1=" " ind2=" ">
							<subfield code="a">Band</subfield>
							<subfield code="b">nc</subfield>
							<subfield code="2">rdacarrier</subfield>
						</datafield>
						<datafield tag="362" ind1="0" ind2=" ">
							<subfield code="a">H. 1.1950 - 6.1954[?]</subfield>
						</datafield>
						<datafield tag="363" ind1="0" ind2="0">
							<subfield code="8">1.1\x</subfield>
							<subfield code="i">1950</subfield>
						</datafield>
						<datafield tag="363" ind1="1" ind2="0">
							<subfield code="8">1.2\x</subfield>
							<subfield code="i">1954</subfield>
						</datafield>
						<datafield tag="655" ind1=" " ind2="7">
							<subfield code="0">(DE-588)4067488-5</subfield>
							<subfield code="0">https://d-nb.info/gnd/4067488-5</subfield>
							<subfield code="0">(DE-101)040674886</subfield>
							<subfield code="a">Zeitschrift</subfield>
							<subfield code="2">gnd-content</subfield>
						</datafield>
						<datafield tag="710" ind1="1" ind2=" ">
							<subfield code="0">(DE-588)4014819-1</subfield>
							<subfield code="0">https://d-nb.info/gnd/4014819-1</subfield>
							<subfield code="0">(DE-101)04014819X</subfield>
							<subfield code="a">Ennepe-Ruhr-Kreis</subfield>
							<subfield code="e">Herausgebendes Organ</subfield>
							<subfield code="4">isb</subfield>
							<subfield code="2">gnd</subfield>
						</datafield>
					</record>

					<record type="Holdings">
						<leader>00000ny  a22000003n 4500</leader>
						<controlfield tag="001">120915707</controlfield>
						<controlfield tag="003">DE-101</controlfield>
						<controlfield tag="005">20240302080922.0</controlfield>
						<controlfield tag="008">061103||||||||||||||||ger|||||||</controlfield>
						<datafield tag="035" ind1=" " ind2=" ">
							<subfield code="a">(DE-605)22486596510006449</subfield>
						</datafield>
						<datafield tag="092" ind1=" " ind2=" ">
							<subfield code="a">441139-0</subfield>
							<subfield code="d">6/139a</subfield>
							<subfield code="k">NRW</subfield>
							<subfield code="l">b</subfield>
							<subfield code="o">d</subfield>
						</datafield>
						<datafield tag="852" ind1=" " ind2=" ">
							<subfield code="8">1</subfield>
						</datafield>
						<datafield tag="852" ind1=" " ind2="1">
							<subfield code="c">Z 728</subfield>
							<subfield code="9">00</subfield>
						</datafield>
						<datafield tag="852" ind1=" " ind2=" ">
							<subfield code="a">DE-6-139a</subfield>
						</datafield>
						<datafield tag="859" ind1="0" ind2="0">
							<subfield code="8">1.1\x</subfield>
							<subfield code="a">1</subfield>
							<subfield code="i">1950</subfield>
						</datafield>
						<datafield tag="859" ind1="1" ind2="0">
							<subfield code="8">1.2\x</subfield>
							<subfield code="a">6</subfield>
							<subfield code="i">1954</subfield>
						</datafield>
						<datafield tag="866" ind1="3" ind2="0">
							<subfield code="a">1.1950 - 6.1954</subfield>
						</datafield>
						<datafield tag="933" ind1=" " ind2=" ">
							<subfield code="a">CC0</subfield>
						</datafield>
					</record>
					<record type="Holdings">
						<leader>00000ny  a22000003n 4500</leader>
						<controlfield tag="001">12767036X</controlfield>
						<controlfield tag="003">DE-101</controlfield>
						<controlfield tag="005">20070619124805.0</controlfield>
						<controlfield tag="008">200619||||||||||||||||ger|||||||</controlfield>
						<datafield tag="092" ind1=" " ind2=" ">
							<subfield code="a">703000-9</subfield>
							<subfield code="d">752</subfield>
							<subfield code="k">BAW</subfield>
							<subfield code="l">a</subfield>
							<subfield code="o">c</subfield>
						</datafield>
						<datafield tag="094" ind1=" " ind2=" ">
							<subfield code="a">E ms</subfield>
						</datafield>
						<datafield tag="094" ind1=" " ind2=" ">
							<subfield code="a">Ennepetal</subfield>
						</datafield>
						<datafield tag="541" ind1=" " ind2=" ">
							<subfield code="e">2005.2388</subfield>
						</datafield>
						<datafield tag="852" ind1=" " ind2=" ">
							<subfield code="8">1</subfield>
						</datafield>
						<datafield tag="852" ind1=" " ind2="1">
							<subfield code="c">37.416</subfield>
							<subfield code="9">00</subfield>
						</datafield>
						<datafield tag="852" ind1=" " ind2="2">
							<subfield code="b">Magazin</subfield>
							<subfield code="9">09</subfield>
						</datafield>
						<datafield tag="852" ind1=" " ind2=" ">
							<subfield code="a">DE-752</subfield>
						</datafield>
						<datafield tag="859" ind1="0" ind2="0">
							<subfield code="8">1.1\x</subfield>
							<subfield code="a">1</subfield>
							<subfield code="i">1950</subfield>
						</datafield>
						<datafield tag="859" ind1="1" ind2="0">
							<subfield code="8">1.2\x</subfield>
							<subfield code="a">6</subfield>
						</datafield>
						<datafield tag="866" ind1="3" ind2="0">
							<subfield code="a">1.1950 - 6.1954[?]</subfield>
						</datafield>
						<datafield tag="866" ind1=" " ind2="0">
							<subfield code="x">21 cm 2007/25-4</subfield>
						</datafield>
						<datafield tag="933" ind1=" " ind2=" ">
							<subfield code="a">CC0</subfield>
						</datafield>
					</record>
					<record type="Holdings">
						<leader>00000ny  a22000003n 4500</leader>
						<controlfield tag="001">111250009X</controlfield>
						<controlfield tag="003">DE-101</controlfield>
						<controlfield tag="005">20240723102117.0</controlfield>
						<controlfield tag="008">240723||||||||||||||||ger|||||||</controlfield>
						<datafield tag="092" ind1=" " ind2=" ">
							<subfield code="a">568101-7</subfield>
							<subfield code="d">Sol 1</subfield>
							<subfield code="k">NRW</subfield>
							<subfield code="l">b</subfield>
							<subfield code="o">d</subfield>
							<subfield code="y">wk</subfield>
						</datafield>
						<datafield tag="852" ind1=" " ind2="1">
							<subfield code="c">KA 2738</subfield>
							<subfield code="9">00</subfield>
						</datafield>
						<datafield tag="852" ind1=" " ind2=" ">
							<subfield code="a">DE-Sol1</subfield>
						</datafield>
						<datafield tag="859" ind1="0" ind2="0">
							<subfield code="8">1.1\x</subfield>
							<subfield code="a">1</subfield>
							<subfield code="i">1950</subfield>
						</datafield>
						<datafield tag="859" ind1="1" ind2="0">
							<subfield code="8">1.2\x</subfield>
							<subfield code="a">6</subfield>
							<subfield code="i">1954</subfield>
						</datafield>
						<datafield tag="866" ind1="3" ind2="0">
							<subfield code="a">1.1950 - 6.1954</subfield>
						</datafield>
						<datafield tag="933" ind1=" " ind2=" ">
							<subfield code="a">CC0</subfield>
						</datafield>
					</record>
				</collection>
			</recordData>
			<recordPosition>6</recordPosition>
		</record>