
		<record>
			<recordSchema>MARC21plus-xml</recordSchema>
			<recordPacking>xml</recordPacking>
			<recordData>
				<collection xmlns="http://www.loc.gov/MARC21/slim">
					<record type="Bibliographic">
						<leader>00000nas a2200000 c 4500</leader>
						<controlfield tag="001">982573561</controlfield>
						<controlfield tag="003">DE-101</controlfield>
						<controlfield tag="005">20241112214626.0</controlfield>
						<controlfield tag="007">tu</controlfield>
						<controlfield tag="008">070108c20079999gw u||m|  ||| 0||||1ger c</controlfield>
						<datafield tag="015" ind1=" " ind2=" ">
							<subfield code="a">08,B39,0072</subfield>
							<subfield code="2">dnb</subfield>
						</datafield>
						<datafield tag="016" ind1="7" ind2=" ">
							<subfield code="2">DE-600</subfield>
							<subfield code="a">2280868-1</subfield>
						</datafield>
						<datafield tag="016" ind1="7" ind2=" ">
							<subfield code="2">DE-101</subfield>
							<subfield code="a">982573561</subfield>
						</datafield>
						<datafield tag="035" ind1=" " ind2=" ">
							<subfield code="a">(DE-599)ZDB2280868-1</subfield>
						</datafield>
						<datafield tag="035" ind1=" " ind2=" ">
							<subfield code="a">(OCoLC)1061052535</subfield>
						</datafield>
						<datafield tag="040" ind1=" " ind2=" ">
							<subfield code="a">1140</subfield>
							<subfield code="b">ger</subfield>
							<subfield code="c">DE-101</subfield>
							<subfield code="d">9999</subfield>
						</datafield>
						<datafield tag="041" ind1=" " ind2=" ">
							<subfield code="a">ger</subfield>
						</datafield>
						<datafield tag="042" ind1=" " ind2=" ">
							<subfield code="a">zdb</subfield>
						</datafield>
						<datafield tag="044" ind1=" " ind2=" ">
							<subfield code="c">XA-DE</subfield>
						</datafield>
						<datafield tag="082" ind1="7" ind2="4">
							<subfield code="a">020</subfield>
							<subfield code="q">DE-101</subfield>
							<subfield code="2">22sdnb</subfield>
						</datafield>
						<datafield tag="083" ind1="7" ind2=" ">
							<subfield code="a">060</subfield>
							<subfield code="q">DE-600</subfield>
							<subfield code="2">22sdnb</subfield>
						</datafield>
						<datafield tag="245" ind1="0" ind2="0">
							<subfield code="a">Tagungsdokumentationen zum Deutschen Archivtag</subfield>
							<subfield code="c">hrsg. vom VdA - Verband Deutscher Archivarinnen und Archivare e.V.</subfield>
						</datafield>
						<datafield tag="264" ind1="3" ind2="1">
							<subfield code="a">Fulda</subfield>
							<subfield code="b">Selbstverl. d. VdA</subfield>
							<subfield code="c">2007-</subfield>
						</datafield>
						<datafield tag="264" ind1=" " ind2="1">
							<subfield code="3">anfangs</subfield>
							<subfield code="a">Essen</subfield>
							<subfield code="b">Klartext</subfield>
						</datafield>
						<datafield tag="300" ind1=" " ind2=" ">
							<subfield code="c">25 cm</subfield>
						</datafield>
						<datafield tag="336" ind1=" " ind2=" ">
							<subfield code="a">Text</subfield>
							<subfield code="b">txt</subfield>
							<subfield code="2">rdacontent</subfield>
						</datafield>
						<datafield tag="337" ind1=" " ind2=" ">
							<subfield code="a">ohne Hilfsmittel zu benutzen</subfield>
							<subfield code="b">n</subfield>
							<subfield code="2">rdamedia</subfield>
						</datafield>
						<datafield tag="338" ind1=" " ind2=" ">
							<subfield code="a">Band</subfield>
							<subfield code="b">nc</subfield>
							<subfield code="2">rdacarrier</subfield>
						</datafield>
						<datafield tag="362" ind1="0" ind2=" ">
							<subfield code="a">10.2007 -</subfield>
						</datafield>
						<datafield tag="363" ind1="0" ind2="1">
							<subfield code="8">1.1\x</subfield>
							<subfield code="a">10</subfield>
							<subfield code="i">2007</subfield>
						</datafield>
						<datafield tag="655" ind1=" " ind2="7">
							<subfield code="0">(DE-588)4179998-7</subfield>
							<subfield code="0">https://d-nb.info/gnd/4179998-7</subfield>
							<subfield code="0">(DE-101)041799984</subfield>
							<subfield code="a">Monografische Reihe</subfield>
							<subfield code="2">gnd-content</subfield>
						</datafield>
						<datafield tag="780" ind1="0" ind2="0">
							<subfield code="i">Vorg.:</subfield>
							<subfield code="t">&#152;Der&#156; Archivar / Beiband. Beiband</subfield>
							<subfield code="d">Siegburg, Rhld. : Schmitt, 1996-2004</subfield>
							<subfield code="w">(DE-600)1411086-6</subfield>
							<subfield code="w">(DE-101)019057849</subfield>
						</datafield>
						<datafield tag="850" ind1=" " ind2=" ">
							<subfield code="a">DE-101a</subfield>
							<subfield code="a">DE-101b</subfield>
						</datafield>
						<datafield tag="889" ind1=" " ind2=" ">
							<subfield code="w">(DE-101)982573561</subfield>
						</datafield>
					</record>

					<record type="Holdings">
						<leader>00000ny  a22000003n 4500</leader>
						<controlfield tag="001">125416296</controlfield>
						<controlfield tag="003">DE-101</controlfield>
						<controlfield tag="005">20081011202537.0</controlfield>
						<controlfield tag="008">070428||||||||||||||||ger|||||||</controlfield>
						<datafield tag="092" ind1=" " ind2=" ">
							<subfield code="a">950200-2</subfield>
							<subfield code="d">101a</subfield>
							<subfield code="k">SAX</subfield>
							<subfield code="l">a</subfield>
							<subfield code="o">b</subfield>
						</datafield>
						<datafield tag="541" ind1=" " ind2=" ">
							<subfield code="e">L-2007-125416296</subfield>
						</datafield>
						<datafield tag="852" ind1=" " ind2=" ">
							<subfield code="a">DE-101a</subfield>
						</datafield>
						<datafield tag="866" ind1=" " ind2="0">
							<subfield code="z">Bestand s. Katalog</subfield>
						</datafield>
						<datafield tag="933" ind1=" " ind2=" ">
							<subfield code="a">CC0</subfield>
						</datafield>
					</record>
					<record type="Holdings">
						<leader>00000ny  a22000003n 4500</leader>
						<controlfield tag="001">12541630X</controlfield>
						<controlfield tag="003">DE-101</controlfield>
						<controlfield tag="005">20081011202537.0</controlfield>
						<controlfield tag="008">070428||||||||||||||||ger|||||||</controlfield>
						<datafield tag="092" ind1=" " ind2=" ">
							<subfield code="a">600100-2</subfield>
							<subfield code="d">101b</subfield>
							<subfield code="k">HES</subfield>
							<subfield code="l">a</subfield>
							<subfield code="o">b</subfield>
						</datafield>
						<datafield tag="541" ind1=" " ind2=" ">
							<subfield code="e">F-2007-12541630X</subfield>
						</datafield>
						<datafield tag="852" ind1=" " ind2=" ">
							<subfield code="a">DE-101b</subfield>
						</datafield>
						<datafield tag="866" ind1=" " ind2="0">
							<subfield code="z">Bestand s. Katalog</subfield>
						</datafield>
						<datafield tag="933" ind1=" " ind2=" ">
							<subfield code="a">CC0</subfield>
						</datafield>
					</record>
					<record type="Holdings">
						<leader>00000ny  a22000003n 4500</leader>
						<controlfield tag="001">839500009</controlfield>
						<controlfield tag="003">DE-101</controlfield>
						<controlfield tag="005">20221012180909.0</controlfield>
						<controlfield tag="008">090319||||||||||||||||ger|||||||</controlfield>
						<datafield tag="035" ind1=" " ind2=" ">
							<subfield code="a">(DE-601)925910147</subfield>
						</datafield>
						<datafield tag="035" ind1=" " ind2=" ">
							<subfield code="a">(DE-1a)528357069</subfield>
						</datafield>
						<datafield tag="092" ind1=" " ind2=" ">
							<subfield code="a">101005-0</subfield>
							<subfield code="d">1a</subfield>
							<subfield code="k">BER</subfield>
							<subfield code="l">a</subfield>
							<subfield code="o">c</subfield>
						</datafield>
						<datafield tag="852" ind1=" " ind2=" ">
							<subfield code="8">1</subfield>
						</datafield>
						<datafield tag="852" ind1=" " ind2="1">
							<subfield code="c">Einzelsign.</subfield>
							<subfield code="m">u</subfield>
							<subfield code="9">00</subfield>
						</datafield>
						<datafield tag="852" ind1=" " ind2=" ">
							<subfield code="a">DE-1a</subfield>
						</datafield>
						<datafield tag="856" ind1="4" ind2="0">
							<subfield code="u">https://gvk.k10plus.de/CLK?IKT=1052&amp;TRM=2280868-1</subfield>
						</datafield>
						<datafield tag="866" ind1=" " ind2="0">
							<subfield code="z">Bestand s. GVK (Link anklicken). - Bestand s. Monographiennachweis</subfield>
						</datafield>
						<datafield tag="933" ind1=" " ind2=" ">
							<subfield code="a">CC0</subfield>
						</datafield>
					</record>
					<record type="Holdings">
						<leader>00000ny  a22000003n 4500</leader>
						<controlfield tag="001">813360412</controlfield>
						<controlfield tag="003">DE-101</controlfield>
						<controlfield tag="005">20241112205559.0</controlfield>
						<controlfield tag="008">081205||||||||||||||||ger|||||||</controlfield>
						<datafield tag="035" ind1=" " ind2=" ">
							<subfield code="a">(DE-601)91374607X</subfield>
						</datafield>
						<datafield tag="035" ind1=" " ind2=" ">
							<subfield code="a">(DE-B4)528357069</subfield>
						</datafield>
						<datafield tag="092" ind1=" " ind2=" ">
							<subfield code="a">913000-7</subfield>
							<subfield code="d">B 4</subfield>
							<subfield code="k">BER</subfield>
							<subfield code="l">a</subfield>
							<subfield code="o">c</subfield>
						</datafield>
						<datafield tag="852" ind1=" " ind2=" ">
							<subfield code="8">1</subfield>
						</datafield>
						<datafield tag="852" ind1=" " ind2="0">
							<subfield code="m">i</subfield>
							<subfield code="9">00</subfield>
						</datafield>
						<datafield tag="852" ind1=" " ind2="2">
							<subfield code="b">B4/Archiv</subfield>
							<subfield code="9">09</subfield>
						</datafield>
						<datafield tag="852" ind1=" " ind2=" ">
							<subfield code="a">DE-B4</subfield>
						</datafield>
						<datafield tag="856" ind1="4" ind2="0">
							<subfield code="u">https://gvk.k10plus.de/CLK?IKT=1052&amp;TRM=2280868-1</subfield>
						</datafield>
						<datafield tag="866" ind1=" " ind2="0">
							<subfield code="z">Bestand s. GVK (Link anklicken)</subfield>
						</datafield>
						<datafield tag="933" ind1=" " ind2=" ">
							<subfield code="a">CC0</subfield>
						</datafield>
					</record>
					<record type="Holdings">
						<leader>00000ny  a22000003n 4500</leader>
						<controlfield tag="001">813360420</controlfield>
						<controlfield tag="003">DE-101</controlfield>
						<controlfield tag="005">20241112214626.0</controlfield>
						<controlfield tag="008">101019||||||||||||||||ger|||||||</controlfield>
						<datafield tag="035" ind1=" " ind2=" ">
							<subfield code="a">(DE-601)1190496585</subfield>
						</datafield>
						<datafield tag="035" ind1=" " ind2=" ">
							<subfield code="a">(DE-B41)528357069</subfield>
						</datafield>
						<datafield tag="092" ind1=" " ind2=" ">
							<subfield code="a">180041-3</subfield>
							<subfield code="d">B 41</subfield>
							<subfield code="k">BER</subfield>
							<subfield code="l">b</subfield>
							<subfield code="o">d</subfield>
						</datafield>
						<datafield tag="852" ind1=" " ind2=" ">
							<subfield code="8">1</subfield>
						</datafield>
						<datafield tag="852" ind1=" " ind2="0">
							<subfield code="=">n</subfield>
							<subfield code="9">00</subfield>
						</datafield>
						<datafield tag="852" ind1=" " ind2=" ">
							<subfield code="a">DE-B41</subfield>
						</datafield>
						<datafield tag="933" ind1=" " ind2=" ">
							<subfield code="a">CC0</subfield>
						</datafield>
					</record>
					<record type="Holdings">
						<leader>00000ny  a22000003n 4500</leader>
						<controlfield tag="001">813360404</controlfield>
						<controlfield tag="003">DE-101</controlfield>
						<controlfield tag="005">20220913021655.0</controlfield>
						<controlfield tag="008">200128||||||||||||||||ger|||||||</controlfield>
						<datafield tag="035" ind1=" " ind2=" ">
							<subfield code="a">(DE-601)3582874451</subfield>
						</datafield>
						<datafield tag="035" ind1=" " ind2=" ">
							<subfield code="a">(DE-Ha2)528357069</subfield>
						</datafield>
						<datafield tag="092" ind1=" " ind2=" ">
							<subfield code="a">938102-8</subfield>
							<subfield code="d">Ha 2</subfield>
							<subfield code="k">SAA</subfield>
							<subfield code="l">a</subfield>
							<subfield code="o">c</subfield>
						</datafield>
						<datafield tag="852" ind1=" " ind2=" ">
							<subfield code="8">1</subfield>
						</datafield>
						<datafield tag="852" ind1=" " ind2=" ">
							<subfield code="a">DE-Ha2</subfield>
						</datafield>
						<datafield tag="856" ind1="4" ind2="0">
							<subfield code="u">https://gvk.k10plus.de/CLK?IKT=1052&amp;TRM=2280868-1</subfield>
						</datafield>
						<datafield tag="866" ind1=" " ind2="0">
							<subfield code="z">Bestand s. GVK (Link anklicken)</subfield>
						</datafield>
						<datafield tag="933" ind1=" " ind2=" ">
							<subfield code="a">CC0</subfield>
						</datafield>
					</record>
					<record type="Holdings">
						<leader>00000ny  a22000003n 4500</leader>
						<controlfield tag="001">813360374</controlfield>
						<controlfield tag="003">DE-101</controlfield>
						<controlfield tag="005">20220913021655.0</controlfield>
						<controlfield tag="008">070724||||||||||||||||ger|||||||</controlfield>
						<datafield tag="035" ind1=" " ind2=" ">
							<subfield code="a">(DE-601)828077630</subfield>
						</datafield>
						<datafield tag="035" ind1=" " ind2=" ">
							<subfield code="a">(DE-7-053)528357069</subfield>
						</datafield>
						<datafield tag="092" ind1=" " ind2=" ">
							<subfield code="a">341053-5</subfield>
							<subfield code="d">7/053</subfield>
							<subfield code="k">NIE</subfield>
							<subfield code="l">b</subfield>
							<subfield code="o">d</subfield>
						</datafield>
						<datafield tag="852" ind1=" " ind2=" ">
							<subfield code="8">1</subfield>
						</datafield>
						<datafield tag="852" ind1=" " ind2="1">
							<subfield code="c">Einzelsign.</subfield>
							<subfield code="m">i</subfield>
							<subfield code="=">n</subfield>
							<subfield code="9">00</subfield>
						</datafield>
						<datafield tag="852" ind1=" " ind2="2">
							<subfield code="b">BBK-HIST</subfield>
							<subfield code="9">09</subfield>
						</datafield>
						<datafield tag="852" ind1=" " ind2=" ">
							<subfield code="a">DE-7-053</subfield>
						</datafield>
						<datafield tag="856" ind1="4" ind2="0">
							<subfield code="u">https://gvk.k10plus.de/CLK?IKT=1052&amp;TRM=2280868-1</subfield>
						</datafield>
						<datafield tag="866" ind1=" " ind2="0">
							<subfield code="z">Bestand s. GVK (Link anklicken)</subfield>
						</datafield>
						<datafield tag="933" ind1=" " ind2=" ">
							<subfield code="a">CC0</subfield>
						</datafield>
					</record>
					<record type="Holdings">
						<leader>00000ny  a22000003n 4500</leader>
						<controlfield tag="001">1060713470</controlfield>
						<controlfield tag="003">DE-101</controlfield>
						<controlfield tag="005">20240215191321.0</controlfield>
						<controlfield tag="008">110929||||||||||||||||ger|||||||</controlfield>
						<datafield tag="035" ind1=" " ind2=" ">
							<subfield code="a">(DE-601)1270876473</subfield>
						</datafield>
						<datafield tag="035" ind1=" " ind2=" ">
							<subfield code="a">(DE-452)528357069</subfield>
						</datafield>
						<datafield tag="092" ind1=" " ind2=" ">
							<subfield code="a">238452-8</subfield>
							<subfield code="d">452</subfield>
							<subfield code="k">HAM</subfield>
							<subfield code="l">a</subfield>
							<subfield code="o">c</subfield>
						</datafield>
						<datafield tag="852" ind1=" " ind2=" ">
							<subfield code="8">1</subfield>
						</datafield>
						<datafield tag="852" ind1=" " ind2="1">
							<subfield code="c">H I 124,1</subfield>
							<subfield code="m">i</subfield>
							<subfield code="9">00</subfield>
						</datafield>
						<datafield tag="852" ind1=" " ind2="2">
							<subfield code="b">8/100</subfield>
							<subfield code="9">09</subfield>
						</datafield>
						<datafield tag="852" ind1=" " ind2=" ">
							<subfield code="a">DE-452</subfield>
						</datafield>
						<datafield tag="856" ind1="4" ind2="0">
							<subfield code="u">https://gvk.k10plus.de/CLK?IKT=1052&amp;TRM=2280868-1</subfield>
						</datafield>
						<datafield tag="866" ind1=" " ind2="0">
							<subfield code="z">Die Zählung der einzelnen Bände entspricht der der Archivtage. - Bestand s. GVK (Link anklicken)</subfield>
						</datafield>
						<datafield tag="933" ind1=" " ind2=" ">
							<subfield code="a">CC0</subfield>
						</datafield>
					</record>
					<record type="Holdings">
						<leader>00000ny  a22000003n 4500</leader>
						<controlfield tag="001">1152444174</controlfield>
						<controlfield tag="003">DE-101</controlfield>
						<controlfield tag="005">20241112181714.0</controlfield>
						<controlfield tag="008">241112||||||||||||||||ger|||||||</controlfield>
						<datafield tag="092" ind1=" " ind2=" ">
							<subfield code="a">952000-4</subfield>
							<subfield code="d">15</subfield>
							<subfield code="k">SAX</subfield>
							<subfield code="l">a</subfield>
							<subfield code="o">b</subfield>
						</datafield>
						<datafield tag="852" ind1=" " ind2=" ">
							<subfield code="a">DE-15</subfield>
						</datafield>
						<datafield tag="866" ind1=" " ind2="0">
							<subfield code="z">Nachweis als Serie</subfield>
						</datafield>
						<datafield tag="933" ind1=" " ind2=" ">
							<subfield code="a">CC0</subfield>
						</datafield>
					</record>
					<record type="Holdings">
						<leader>00000ny  a22000003n 4500</leader>
						<controlfield tag="001">736412018</controlfield>
						<controlfield tag="003">DE-101</controlfield>
						<controlfield tag="005">20210803111847.0</controlfield>
						<controlfield tag="008">210803||||||||||||||||ger|||||||</controlfield>
						<datafield tag="092" ind1=" " ind2=" ">
							<subfield code="a">858027-3</subfield>
							<subfield code="d">N 26</subfield>
							<subfield code="k">BAY</subfield>
							<subfield code="l">a</subfield>
							<subfield code="o">d</subfield>
							<subfield code="y">wk</subfield>
						</datafield>
						<datafield tag="852" ind1=" " ind2="1">
							<subfield code="c">F2</subfield>
							<subfield code="=">n</subfield>
							<subfield code="9">00</subfield>
						</datafield>
						<datafield tag="852" ind1=" " ind2="2">
							<subfield code="b">F2/ Z 265 a</subfield>
							<subfield code="9">09</subfield>
						</datafield>
						<datafield tag="852" ind1=" " ind2=" ">
							<subfield code="a">DE-N26</subfield>
						</datafield>
						<datafield tag="859" ind1="0" ind2="0">
							<subfield code="8">1.1\x</subfield>
							<subfield code="a">10</subfield>
							<subfield code="i">2007</subfield>
						</datafield>
						<datafield tag="859" ind1="1" ind2="0">
							<subfield code="8">1.2\x</subfield>
							<subfield code="a">23</subfield>
							<subfield code="i">2019</subfield>
						</datafield>
						<datafield tag="866" ind1="3" ind2="0">
							<subfield code="a">10.2007 - 23.2019</subfield>
						</datafield>
						<datafield tag="933" ind1=" " ind2=" ">
							<subfield code="a">CC0</subfield>
						</datafield>
					</record>
					<record type="Holdings">
						<leader>00000ny  a22000003n 4500</leader>
						<controlfield tag="001">177755113</controlfield>
						<controlfield tag="003">DE-101</controlfield>
						<controlfield tag="005">20100518163017.0</controlfield>
						<controlfield tag="008">100518||||||||||||||||ger|||||||</controlfield>
						<datafield tag="092" ind1=" " ind2=" ">
							<subfield code="a">750100-6</subfield>
							<subfield code="d">31</subfield>
							<subfield code="k">BAW</subfield>
							<subfield code="l">a</subfield>
							<subfield code="o">c</subfield>
						</datafield>
						<datafield tag="852" ind1=" " ind2=" ">
							<subfield code="8">1</subfield>
						</datafield>
						<datafield tag="852" ind1=" " ind2=" ">
							<subfield code="a">DE-31</subfield>
						</datafield>
						<datafield tag="859" ind1="0" ind2="0">
							<subfield code="8">1.1\x</subfield>
							<subfield code="a">10</subfield>
							<subfield code="i">2007</subfield>
						</datafield>
						<datafield tag="866" ind1="3" ind2="0">
							<subfield code="a">10.2007</subfield>
						</datafield>
						<datafield tag="866" ind1=" " ind2="0">
							<subfield code="z">Einzelnachweis &lt;107 A 4255></subfield>
						</datafield>
						<datafield tag="866" ind1="3" ind2="0">
							<subfield code="z">Desiderat: [N=11-]</subfield>
						</datafield>
						<datafield tag="933" ind1=" " ind2=" ">
							<subfield code="a">CC0</subfield>
						</datafield>
					</record>
					<record type="Holdings">
						<leader>00000ny  a22000003n 4500</leader>
						<controlfield tag="001">813360382</controlfield>
						<controlfield tag="003">DE-101</controlfield>
						<controlfield tag="005">20240606233828.0</controlfield>
						<controlfield tag="008">120604||||||||||||||||ger|||||||</controlfield>
						<datafield tag="035" ind1=" " ind2=" ">
							<subfield code="a">(DE-601)1285944887</subfield>
						</datafield>
						<datafield tag="035" ind1=" " ind2=" ">
							<subfield code="a">(DE-89)528357069</subfield>
						</datafield>
						<datafield tag="092" ind1=" " ind2=" ">
							<subfield code="a">301000-4</subfield>
							<subfield code="d">89</subfield>
							<subfield code="k">NIE</subfield>
							<subfield code="l">a</subfield>
							<subfield code="o">c</subfield>
						</datafield>
						<datafield tag="852" ind1=" " ind2=" ">
							<subfield code="8">1</subfield>
						</datafield>
						<datafield tag="852" ind1=" " ind2="1">
							<subfield code="c">RT 1329</subfield>
							<subfield code="m">f</subfield>
							<subfield code="9">00</subfield>
						</datafield>
						<datafield tag="852" ind1=" " ind2=" ">
							<subfield code="a">DE-89</subfield>
						</datafield>
						<datafield tag="856" ind1="4" ind2="0">
							<subfield code="u">https://gvk.k10plus.de/CLK?IKT=1052&amp;TRM=2280868-1</subfield>
						</datafield>
						<datafield tag="866" ind1="3" ind2="0">
							<subfield code="a">Einzelbandnachweis</subfield>
						</datafield>
						<datafield tag="866" ind1=" " ind2="0">
							<subfield code="z">Bestand s. GVK (Link anklicken)</subfield>
						</datafield>
						<datafield tag="933" ind1=" " ind2=" ">
							<subfield code="a">CC0</subfield>
						</datafield>
					</record>
					<record type="Holdings">
						<leader>00000ny  a22000003n 4500</leader>
						<controlfield tag="001">656416645</controlfield>
						<controlfield tag="003">DE-101</controlfield>
						<controlfield tag="005">20191219090527.0</controlfield>
						<controlfield tag="008">191219||||||||||||||||ger|||||||</controlfield>
						<datafield tag="092" ind1=" " ind2=" ">
							<subfield code="a">898010-X</subfield>
							<subfield code="d">Aug 10</subfield>
							<subfield code="k">BAY</subfield>
							<subfield code="l">b</subfield>
							<subfield code="o">b</subfield>
						</datafield>
						<datafield tag="852" ind1=" " ind2="1">
							<subfield code="c">Arch C 109</subfield>
							<subfield code="=">k</subfield>
							<subfield code="9">00</subfield>
						</datafield>
						<datafield tag="852" ind1=" " ind2=" ">
							<subfield code="a">DE-Aug10</subfield>
						</datafield>
						<datafield tag="859" ind1="0" ind2="1">
							<subfield code="8">1.1\x</subfield>
							<subfield code="a">10</subfield>
							<subfield code="i">2007</subfield>
						</datafield>
						<datafield tag="866" ind1="3" ind2="0">
							<subfield code="a">10.2007 (75. DAT 2005) -</subfield>
						</datafield>
						<datafield tag="933" ind1=" " ind2=" ">
							<subfield code="a">CC0</subfield>
						</datafield>
					</record>
					<record type="Holdings">
						<leader>00000ny  a22000003n 4500</leader>
						<controlfield tag="001">813360439</controlfield>
						<controlfield tag="003">DE-101</controlfield>
						<controlfield tag="005">20220913021656.0</controlfield>
						<controlfield tag="008">211214||||||||||||||||ger|||||||</controlfield>
						<datafield tag="035" ind1=" " ind2=" ">
							<subfield code="a">(DE-601)4020007519</subfield>
						</datafield>
						<datafield tag="035" ind1=" " ind2=" ">
							<subfield code="a">(DE-517)528357069</subfield>
						</datafield>
						<datafield tag="092" ind1=" " ind2=" ">
							<subfield code="a">961000-5</subfield>
							<subfield code="d">517</subfield>
							<subfield code="k">BER</subfield>
							<subfield code="l">a</subfield>
							<subfield code="o">c</subfield>
						</datafield>
						<datafield tag="852" ind1=" " ind2=" ">
							<subfield code="8">1</subfield>
						</datafield>
						<datafield tag="852" ind1=" " ind2=" ">
							<subfield code="a">DE-517</subfield>
						</datafield>
						<datafield tag="933" ind1=" " ind2=" ">
							<subfield code="a">CC0</subfield>
						</datafield>
					</record>
					<record type="Holdings">
						<leader>00000ny  a22000003n 4500</leader>
						<controlfield tag="001">813360366</controlfield>
						<controlfield tag="003">DE-101</controlfield>
						<controlfield tag="005">20220913021655.0</controlfield>
						<controlfield tag="008">180605||||||||||||||||ger|||||||</controlfield>
						<datafield tag="035" ind1=" " ind2=" ">
							<subfield code="a">(DE-601)1773978292</subfield>
						</datafield>
						<datafield tag="035" ind1=" " ind2=" ">
							<subfield code="a">(DE-Ilm1)528357069</subfield>
						</datafield>
						<datafield tag="092" ind1=" " ind2=" ">
							<subfield code="a">946000-7</subfield>
							<subfield code="d">Ilm 1</subfield>
							<subfield code="k">THU</subfield>
							<subfield code="l">a</subfield>
							<subfield code="o">c</subfield>
						</datafield>
						<datafield tag="852" ind1=" " ind2=" ">
							<subfield code="8">1</subfield>
						</datafield>
						<datafield tag="852" ind1=" " ind2="1">
							<subfield code="c">Signaturen der Bände s. unter dem Titel des Bandes</subfield>
							<subfield code="9">00</subfield>
						</datafield>
						<datafield tag="852" ind1=" " ind2=" ">
							<subfield code="a">DE-Ilm1</subfield>
						</datafield>
						<datafield tag="856" ind1="4" ind2="0">
							<subfield code="u">https://gvk.k10plus.de/CLK?IKT=1052&amp;TRM=2280868-1</subfield>
						</datafield>
						<datafield tag="866" ind1="3" ind2="0">
							<subfield code="a">Einzelbandnachweis</subfield>
						</datafield>
						<datafield tag="866" ind1=" " ind2="0">
							<subfield code="z">Bestand s. GVK (Link anklicken)</subfield>
						</datafield>
						<datafield tag="933" ind1=" " ind2=" ">
							<subfield code="a">CC0</subfield>
						</datafield>
					</record>
					<record type="Holdings">
						<leader>00000ny  a22000003n 4500</leader>
						<controlfield tag="001">404490611</controlfield>
						<controlfield tag="003">DE-101</controlfield>
						<controlfield tag="005">20230512160033.0</controlfield>
						<controlfield tag="008">170502||||||||||||||||ger|||||||</controlfield>
						<datafield tag="035" ind1=" " ind2=" ">
							<subfield code="a">(DE-605)2249263210006452</subfield>
						</datafield>
						<datafield tag="092" ind1=" " ind2=" ">
							<subfield code="a">528005-9</subfield>
							<subfield code="d">Sie 5</subfield>
							<subfield code="k">NRW</subfield>
							<subfield code="l">b</subfield>
							<subfield code="o">d</subfield>
						</datafield>
						<datafield tag="852" ind1=" " ind2="1">
							<subfield code="c">9385</subfield>
							<subfield code="=">n</subfield>
							<subfield code="9">00</subfield>
						</datafield>
						<datafield tag="852" ind1=" " ind2="2">
							<subfield code="b">Siegburg</subfield>
							<subfield code="c">82 = 9385</subfield>
							<subfield code="9">09</subfield>
						</datafield>
						<datafield tag="852" ind1=" " ind2=" ">
							<subfield code="a">DE-Sie5</subfield>
						</datafield>
						<datafield tag="859" ind1="0" ind2="0">
							<subfield code="8">1.1\x</subfield>
							<subfield code="a">10</subfield>
							<subfield code="i">2007</subfield>
						</datafield>
						<datafield tag="859" ind1="1" ind2="0">
							<subfield code="8">1.2\x</subfield>
							<subfield code="a">24</subfield>
							<subfield code="i">2020</subfield>
						</datafield>
						<datafield tag="866" ind1="3" ind2="0">
							<subfield code="a">10.2007-24.2020</subfield>
						</datafield>
						<datafield tag="933" ind1=" " ind2=" ">
							<subfield code="a">CC0</subfield>
						</datafield>
					</record>
					<record type="Holdings">
						<leader>00000ny  a22000003n 4500</leader>
						<controlfield tag="001">625435346</controlfield>
						<controlfield tag="003">DE-101</controlfield>
						<controlfield tag="005">20190606125808.0</controlfield>
						<controlfield tag="008">190606||||||||||||||||ger|||||||</controlfield>
						<datafield tag="092" ind1=" " ind2=" ">
							<subfield code="a">568101-7</subfield>
							<subfield code="d">Sol 1</subfield>
							<subfield code="k">NRW</subfield>
							<subfield code="l">b</subfield>
							<subfield code="o">d</subfield>
						</datafield>
						<datafield tag="852" ind1=" " ind2="1">
							<subfield code="c">GA 39 A</subfield>
							<subfield code="9">00</subfield>
						</datafield>
						<datafield tag="852" ind1=" " ind2=" ">
							<subfield code="a">DE-Sol1</subfield>
						</datafield>
						<datafield tag="859" ind1="0" ind2="1">
							<subfield code="8">1.1\x</subfield>
							<subfield code="a">10</subfield>
							<subfield code="i">2007</subfield>
						</datafield>
						<datafield tag="866" ind1="3" ind2="0">
							<subfield code="a">10.2007 -</subfield>
						</datafield>
						<datafield tag="933" ind1=" " ind2=" ">
							<subfield code="a">CC0</subfield>
						</datafield>
					</record>
					<record type="Holdings">
						<leader>00000ny  a22000003n 4500</leader>
						<controlfield tag="001">733358489</controlfield>
						<controlfield tag="003">DE-101</controlfield>
						<controlfield tag="005">20210706072734.0</controlfield>
						<controlfield tag="008">210706||||||||||||||||ger|||||||</controlfield>
						<datafield tag="092" ind1=" " ind2=" ">
							<subfield code="a">958600-3</subfield>
							<subfield code="d">185</subfield>
							<subfield code="k">SAX</subfield>
							<subfield code="l">a</subfield>
							<subfield code="o">c</subfield>
						</datafield>
						<datafield tag="852" ind1=" " ind2=" ">
							<subfield code="8">1</subfield>
						</datafield>
						<datafield tag="852" ind1=" " ind2="1">
							<subfield code="c">2007 B 24</subfield>
							<subfield code="9">00</subfield>
						</datafield>
						<datafield tag="852" ind1=" " ind2=" ">
							<subfield code="a">DE-185</subfield>
						</datafield>
						<datafield tag="859" ind1="0" ind2="0">
							<subfield code="8">1.1\x</subfield>
							<subfield code="a">10</subfield>
							<subfield code="i">2007</subfield>
						</datafield>
						<datafield tag="866" ind1="3" ind2="0">
							<subfield code="a">10.2007 -</subfield>
						</datafield>
						<datafield tag="933" ind1=" " ind2=" ">
							<subfield code="a">CC0</subfield>
						</datafield>
					</record>
					<record type="Holdings">
						<leader>00000ny  a22000003n 4500</leader>
						<controlfield tag="001">480528896</controlfield>
						<controlfield tag="003">DE-101</controlfield>
						<controlfield tag="005">20200225144112.0</controlfield>
						<controlfield tag="008">190103||||||||||||||||ger|||||||</controlfield>
						<datafield tag="092" ind1=" " ind2=" ">
							<subfield code="a">711002-9</subfield>
							<subfield code="d">Lg 2</subfield>
							<subfield code="k">BAW</subfield>
							<subfield code="l">b</subfield>
							<subfield code="o">d</subfield>
						</datafield>
						<datafield tag="852" ind1=" " ind2="1">
							<subfield code="c">Z 22</subfield>
							<subfield code="=">n</subfield>
							<subfield code="9">00</subfield>
						</datafield>
						<datafield tag="852" ind1=" " ind2="2">
							<subfield code="b">Dienstbibliothek 1. OG</subfield>
							<subfield code="9">09</subfield>
						</datafield>
						<datafield tag="852" ind1=" " ind2=" ">
							<subfield code="a">DE-Lg2</subfield>
						</datafield>
						<datafield tag="859" ind1="0" ind2="0">
							<subfield code="8">1.1\x</subfield>
							<subfield code="a">10/11</subfield>
							<subfield code="i">2007</subfield>
						</datafield>
						<datafield tag="859" ind1="1" ind2="0">
							<subfield code="8">1.2\x</subfield>
							<subfield code="a">22/23</subfield>
							<subfield code="i">2018/19</subfield>
						</datafield>
						<datafield tag="866" ind1="3" ind2="0">
							<subfield code="a">Bd. 10/11.2007 - 22/23.2018/19;</subfield>
						</datafield>
						<datafield tag="933" ind1=" " ind2=" ">
							<subfield code="a">CC0</subfield>
						</datafield>
					</record>
					<record type="Holdings">
						<leader>00000ny  a22000003n 4500</leader>
						<controlfield tag="001">471046035</controlfield>
						<controlfield tag="003">DE-101</controlfield>
						<controlfield tag="005">20181105141708.0</controlfield>
						<controlfield tag="008">181105||||||||||||||||ger|||||||</controlfield>
						<datafield tag="092" ind1=" " ind2=" ">
							<subfield code="a">408072-5</subfield>
							<subfield code="d">Dü 72</subfield>
							<subfield code="k">NRW</subfield>
							<subfield code="l">a</subfield>
							<subfield code="o">c</subfield>
						</datafield>
						<datafield tag="852" ind1=" " ind2="1">
							<subfield code="c">Einzelsignaturen</subfield>
							<subfield code="=">l</subfield>
							<subfield code="9">00</subfield>
						</datafield>
						<datafield tag="852" ind1=" " ind2=" ">
							<subfield code="a">DE-Due72</subfield>
						</datafield>
						<datafield tag="859" ind1="0" ind2="1">
							<subfield code="8">1.1\x</subfield>
							<subfield code="a">10</subfield>
							<subfield code="i">2007</subfield>
						</datafield>
						<datafield tag="866" ind1="3" ind2="0">
							<subfield code="a">10.2007 -</subfield>
						</datafield>
						<datafield tag="933" ind1=" " ind2=" ">
							<subfield code="a">CC0</subfield>
						</datafield>
					</record>
					<record type="Holdings">
						<leader>00000ny  a22000003n 4500</leader>
						<controlfield tag="001">250088282</controlfield>
						<controlfield tag="003">DE-101</controlfield>
						<controlfield tag="005">20121203113813.0</controlfield>
						<controlfield tag="008">121203||||||||||||||||ger|||||||</controlfield>
						<datafield tag="092" ind1=" " ind2=" ">
							<subfield code="a">758026-5</subfield>
							<subfield code="d">Ka 26</subfield>
							<subfield code="k">BAW</subfield>
							<subfield code="l">a</subfield>
							<subfield code="o">c</subfield>
						</datafield>
						<datafield tag="852" ind1=" " ind2="1">
							<subfield code="c">Einzelsignatur</subfield>
							<subfield code="9">00</subfield>
						</datafield>
						<datafield tag="852" ind1=" " ind2=" ">
							<subfield code="a">DE-Ka26</subfield>
						</datafield>
						<datafield tag="866" ind1=" " ind2="0">
							<subfield code="z">Einzelsignatur</subfield>
						</datafield>
					</record>
					<record type="Holdings">
						<leader>00000ny  a22000003n 4500</leader>
						<controlfield tag="001">787975826</controlfield>
						<controlfield tag="003">DE-101</controlfield>
						<controlfield tag="005">20220805110151.0</controlfield>
						<controlfield tag="008">220805||||||||||||||||ger|||||||</controlfield>
						<datafield tag="092" ind1=" " ind2=" ">
							<subfield code="a">180069-3</subfield>
							<subfield code="d">B 69</subfield>
							<subfield code="k">BER</subfield>
							<subfield code="l">b</subfield>
							<subfield code="o">d</subfield>
						</datafield>
						<datafield tag="852" ind1=" " ind2=" ">
							<subfield code="a">DE-B69</subfield>
						</datafield>
						<datafield tag="866" ind1=" " ind2="0">
							<subfield code="z">Einzelsignatur</subfield>
						</datafield>
						<datafield tag="933" ind1=" " ind2=" ">
							<subfield code="a">CC0</subfield>
						</datafield>
					</record>
					<record type="Holdings">
						<leader>00000ny  a22000003n 4500</leader>
						<controlfield tag="001">813360390</controlfield>
						<controlfield tag="003">DE-101</controlfield>
						<controlfield tag="005">20241112210313.0</controlfield>
						<controlfield tag="008">090922||||||||||||||||ger|||||||</controlfield>
						<datafield tag="035" ind1=" " ind2=" ">
							<subfield code="a">(DE-601)948281197</subfield>
						</datafield>
						<datafield tag="035" ind1=" " ind2=" ">
							<subfield code="a">(DE-Bs68)528357069</subfield>
						</datafield>
						<datafield tag="092" ind1=" " ind2=" ">
							<subfield code="a">338068-3</subfield>
							<subfield code="d">Bs 68</subfield>
							<subfield code="k">NIE</subfield>
							<subfield code="l">a</subfield>
							<subfield code="o">c</subfield>
						</datafield>
						<datafield tag="852" ind1=" " ind2=" ">
							<subfield code="8">1</subfield>
						</datafield>
						<datafield tag="852" ind1=" " ind2="1">
							<subfield code="c">Einzelsignatur</subfield>
							<subfield code="m">u</subfield>
							<subfield code="9">00</subfield>
						</datafield>
						<datafield tag="852" ind1=" " ind2="2">
							<subfield code="b">Bs68-B</subfield>
							<subfield code="9">09</subfield>
						</datafield>
						<datafield tag="852" ind1=" " ind2=" ">
							<subfield code="a">DE-Bs68</subfield>
						</datafield>
						<datafield tag="856" ind1="4" ind2="0">
							<subfield code="u">https://gvk.k10plus.de/CLK?IKT=1052&amp;TRM=2280868-1</subfield>
						</datafield>
						<datafield tag="866" ind1=" " ind2="0">
							<subfield code="z">Bestand s. GVK (Link anklicken)</subfield>
						</datafield>
						<datafield tag="933" ind1=" " ind2=" ">
							<subfield code="a">CC0</subfield>
						</datafield>
					</record>
				</collection>
			</recordData>
			<recordPosition>7</recordPosition>
		</record>