
		<record>
			<recordSchema>MARC21plus-xml</recordSchema>
			<recordPacking>xml</recordPacking>
			<recordData>
				<collection xmlns="http://www.loc.gov/MARC21/slim">
					<record type="Bibliographic">
						<leader>00000nas a2200000 c 4500</leader>
						<controlfield tag="001">985828749</controlfield>
						<controlfield tag="003">DE-101</controlfield>
						<controlfield tag="005">20231012215427.0</controlfield>
						<controlfield tag="007">tu</controlfield>
						<controlfield tag="008">070925d19491955gw u||p|  ||| 0||||1ger c</controlfield>
						<datafield tag="016" ind1="7" ind2=" ">
							<subfield code="2">DE-600</subfield>
							<subfield code="a">2389260-2</subfield>
						</datafield>
						<datafield tag="016" ind1="7" ind2=" ">
							<subfield code="2">DE-101</subfield>
							<subfield code="a">985828749</subfield>
						</datafield>
						<datafield tag="035" ind1=" " ind2=" ">
							<subfield code="a">(DE-599)ZDB2389260-2</subfield>
						</datafield>
						<datafield tag="035" ind1=" " ind2=" ">
							<subfield code="a">(OCoLC)723916874</subfield>
						</datafield>
						<datafield tag="040" ind1=" " ind2=" ">
							<subfield code="a">0061</subfield>
							<subfield code="b">ger</subfield>
							<subfield code="c">DE-101</subfield>
							<subfield code="d">9001</subfield>
						</datafield>
						<datafield tag="041" ind1=" " ind2=" ">
							<subfield code="a">ger</subfield>
						</datafield>
						<datafield tag="042" ind1=" " ind2=" ">
							<subfield code="a">zdb</subfield>
						</datafield>
						<datafield tag="044" ind1=" " ind2=" ">
							<subfield code="c">XA-DE</subfield>
						</datafield>
						<datafield tag="082" ind1="7" ind2="4">
							<subfield code="a">330</subfield>
							<subfield code="q">DE-600</subfield>
							<subfield code="2">22sdnb</subfield>
						</datafield>
						<datafield tag="110" ind1="1" ind2=" ">
							<subfield code="0">(DE-588)4049818-9</subfield>
							<subfield code="0">https://d-nb.info/gnd/4049818-9</subfield>
							<subfield code="0">(DE-101)040498182</subfield>
							<subfield code="a">Rhein-Wupper-Kreis</subfield>
							<subfield code="e">Verfasser</subfield>
							<subfield code="4">aut</subfield>
							<subfield code="2">gnd</subfield>
						</datafield>
						<datafield tag="245" ind1="1" ind2="0">
							<subfield code="a">Haushaltsplan für das Rechnungsjahr ... / Rhein-Wupper-Kreis</subfield>
						</datafield>
						<datafield tag="247" ind1="0" ind2="0">
							<subfield code="a">Haushaltsplan des Rhein-Wupper-Kreises für das Rechnungsjahr ...</subfield>
							<subfield code="f">Hauptsachtitel 1949-1952</subfield>
						</datafield>
						<datafield tag="264" ind1="3" ind2="1">
							<subfield code="a">Langenfeld</subfield>
							<subfield code="b">[Verlag nicht ermittelbar]</subfield>
							<subfield code="c">1949-1955</subfield>
						</datafield>
						<datafield tag="336" ind1=" " ind2=" ">
							<subfield code="a">Text</subfield>
							<subfield code="b">txt</subfield>
							<subfield code="2">rdacontent</subfield>
						</datafield>
						<datafield tag="337" ind1=" " ind2=" ">
							<subfield code="a">ohne Hilfsmittel zu benutzen</subfield>
							<subfield code="b">n</subfield>
							<subfield code="2">rdamedia</subfield>
						</datafield>
						<datafield tag="338" ind1=" " ind2=" ">
							<subfield code="a">Band</subfield>
							<subfield code="b">nc</subfield>
							<subfield code="2">rdacarrier</subfield>
						</datafield>
						<datafield tag="362" ind1="0" ind2=" ">
							<subfield code="a">Nachgewiesen 1949 - 1955</subfield>
						</datafield>
						<datafield tag="363" ind1="0" ind2="0">
							<subfield code="8">1.1\x</subfield>
							<subfield code="i">1949</subfield>
						</datafield>
						<datafield tag="363" ind1="1" ind2="0">
							<subfield code="8">1.2\x</subfield>
							<subfield code="i">1955</subfield>
						</datafield>
						<datafield tag="655" ind1=" " ind2="7">
							<subfield code="0">(DE-588)4067488-5</subfield>
							<subfield code="0">https://d-nb.info/gnd/4067488-5</subfield>
							<subfield code="0">(DE-101)040674886</subfield>
							<subfield code="a">Zeitschrift</subfield>
							<subfield code="2">gnd-content</subfield>
						</datafield>
						<datafield tag="780" ind1="0" ind2="0">
							<subfield code="i">Vorg.:</subfield>
							<subfield code="a">Rhein-Wupper-Kreis</subfield>
							<subfield code="t">Haushaltssatzung und Haushaltspläne des Rhein-Wupper-Kreises</subfield>
							<subfield code="d">Opladen : Landrat des Rhein-Wupper-Kreises, 1936-1943</subfield>
							<subfield code="w">(DE-600)320187-9</subfield>
							<subfield code="w">(DE-101)011934182</subfield>
						</datafield>
						<datafield tag="785" ind1="0" ind2="0">
							<subfield code="i">Forts.:</subfield>
							<subfield code="a">Rhein-Wupper-Kreis</subfield>
							<subfield code="t">Haushaltssatzung und Haushaltspläne für das Rechnungsjahr ... / Rhein-Wupper-kreis</subfield>
							<subfield code="d">Langenfeld : [Verlag nicht ermittelbar], 1956-1974</subfield>
							<subfield code="w">(DE-600)2389266-3</subfield>
							<subfield code="w">(DE-101)985828951</subfield>
						</datafield>
					</record>

					<record type="Holdings">
						<leader>00000ny  a22000003n 4500</leader>
						<controlfield tag="001">130596817</controlfield>
						<controlfield tag="003">DE-101</controlfield>
						<controlfield tag="005">20211209171959.0</controlfield>
						<controlfield tag="008">070925||||||||||||||||ger|||||||</controlfield>
						<datafield tag="035" ind1=" " ind2=" ">
							<subfield code="a">(DE-605)22249208360006443</subfield>
						</datafield>
						<datafield tag="092" ind1=" " ind2=" ">
							<subfield code="a">401000-0</subfield>
							<subfield code="d">61</subfield>
							<subfield code="k">NRW</subfield>
							<subfield code="l">a</subfield>
							<subfield code="o">b</subfield>
						</datafield>
						<datafield tag="852" ind1=" " ind2=" ">
							<subfield code="8">1</subfield>
						</datafield>
						<datafield tag="852" ind1=" " ind2="1">
							<subfield code="c">StuRG 1546 (4)</subfield>
							<subfield code="9">00</subfield>
						</datafield>
						<datafield tag="852" ind1=" " ind2="2">
							<subfield code="b">93</subfield>
							<subfield code="9">09</subfield>
						</datafield>
						<datafield tag="852" ind1=" " ind2=" ">
							<subfield code="a">DE-61</subfield>
						</datafield>
						<datafield tag="859" ind1="0" ind2="0">
							<subfield code="8">1.1\x</subfield>
							<subfield code="i">1949</subfield>
						</datafield>
						<datafield tag="859" ind1="1" ind2="0">
							<subfield code="8">1.2\x</subfield>
							<subfield code="i">1955</subfield>
						</datafield>
						<datafield tag="866" ind1="3" ind2="0">
							<subfield code="a">1949 - 1955</subfield>
						</datafield>
						<datafield tag="933" ind1=" " ind2=" ">
							<subfield code="a">CC0</subfield>
						</datafield>
					</record>
					<record type="Holdings">
						<leader>00000ny  a22000003n 4500</leader>
						<controlfield tag="001">102617306X</controlfield>
						<controlfield tag="003">DE-101</controlfield>
						<controlfield tag="005">20231012072151.0</controlfield>
						<controlfield tag="008">231012||||||||||||||||ger|||||||</controlfield>
						<datafield tag="092" ind1=" " ind2=" ">
							<subfield code="a">568101-7</subfield>
							<subfield code="d">Sol 1</subfield>
							<subfield code="k">NRW</subfield>
							<subfield code="l">b</subfield>
							<subfield code="o">d</subfield>
							<subfield code="y">wk</subfield>
						</datafield>
						<datafield tag="852" ind1=" " ind2="1">
							<subfield code="c">III B 40</subfield>
							<subfield code="9">00</subfield>
						</datafield>
						<datafield tag="852" ind1=" " ind2=" ">
							<subfield code="a">DE-Sol1</subfield>
						</datafield>
						<datafield tag="859" ind1="0" ind2="0">
							<subfield code="8">1.1\x</subfield>
							<subfield code="i">1950</subfield>
						</datafield>
						<datafield tag="859" ind1="1" ind2="0">
							<subfield code="8">1.2\x</subfield>
							<subfield code="i">1955</subfield>
						</datafield>
						<datafield tag="866" ind1="3" ind2="0">
							<subfield code="a">1950 - 1955</subfield>
						</datafield>
						<datafield tag="933" ind1=" " ind2=" ">
							<subfield code="a">CC0</subfield>
						</datafield>
					</record>
				</collection>
			</recordData>
			<recordPosition>8</recordPosition>
		</record>