
		<record>
			<recordSchema>MARC21plus-xml</recordSchema>
			<recordPacking>xml</recordPacking>
			<recordData>
				<collection xmlns="http://www.loc.gov/MARC21/slim">
					<record type="Bibliographic">
						<leader>00000nas a2200000 c 4500</leader>
						<controlfield tag="001">984220054</controlfield>
						<controlfield tag="003">DE-101</controlfield>
						<controlfield tag="005">20210726151052.0</controlfield>
						<controlfield tag="007">tu</controlfield>
						<controlfield tag="008">070515d19131914xx u||m|  ||| 0||||1ger c</controlfield>
						<datafield tag="016" ind1="7" ind2=" ">
							<subfield code="2">DE-600</subfield>
							<subfield code="a">2304072-5</subfield>
						</datafield>
						<datafield tag="016" ind1="7" ind2=" ">
							<subfield code="2">DE-101</subfield>
							<subfield code="a">984220054</subfield>
						</datafield>
						<datafield tag="035" ind1=" " ind2=" ">
							<subfield code="a">(DE-599)ZDB2304072-5</subfield>
						</datafield>
						<datafield tag="035" ind1=" " ind2=" ">
							<subfield code="a">(OCoLC)723678355</subfield>
						</datafield>
						<datafield tag="040" ind1=" " ind2=" ">
							<subfield code="a">0018</subfield>
							<subfield code="b">ger</subfield>
							<subfield code="c">DE-101</subfield>
							<subfield code="d">9001</subfield>
						</datafield>
						<datafield tag="041" ind1=" " ind2=" ">
							<subfield code="a">ger</subfield>
						</datafield>
						<datafield tag="042" ind1=" " ind2=" ">
							<subfield code="a">zdb</subfield>
						</datafield>
						<datafield tag="044" ind1=" " ind2=" ">
							<subfield code="c">XA-DXDE</subfield>
						</datafield>
						<datafield tag="082" ind1="7" ind2="4">
							<subfield code="a">914.3</subfield>
							<subfield code="a">943</subfield>
							<subfield code="q">DE-600</subfield>
							<subfield code="2">22sdnb</subfield>
						</datafield>
						<datafield tag="090" ind1=" " ind2=" ">
							<subfield code="n">sc</subfield>
						</datafield>
						<datafield tag="245" ind1="0" ind2="0">
							<subfield code="a">An der Grenze von Berg und Mark</subfield>
							<subfield code="b">Beiträge zur Heimatkunde</subfield>
						</datafield>
						<datafield tag="264" ind1="3" ind2="1">
							<subfield code="a">Barmen</subfield>
							<subfield code="b">Luhn</subfield>
							<subfield code="c">1913-1914</subfield>
						</datafield>
						<datafield tag="336" ind1=" " ind2=" ">
							<subfield code="a">Text</subfield>
							<subfield code="b">txt</subfield>
							<subfield code="2">rdacontent</subfield>
						</datafield>
						<datafield tag="337" ind1=" " ind2=" ">
							<subfield code="a">ohne Hilfsmittel zu benutzen</subfield>
							<subfield code="b">n</subfield>
							<subfield code="2">rdamedia</subfield>
						</datafield>
						<datafield tag="338" ind1=" " ind2=" ">
							<subfield code="a">Band</subfield>
							<subfield code="b">nc</subfield>
							<subfield code="2">rdacarrier</subfield>
						</datafield>
						<datafield tag="362" ind1="0" ind2=" ">
							<subfield code="a">N.F. 5.1913 - 7.1914 nachgewiesen</subfield>
						</datafield>
						<datafield tag="363" ind1="0" ind2="0">
							<subfield code="8">1.1\x</subfield>
							<subfield code="a">5</subfield>
							<subfield code="i">1913</subfield>
						</datafield>
						<datafield tag="655" ind1=" " ind2="7">
							<subfield code="0">(DE-588)4179998-7</subfield>
							<subfield code="0">https://d-nb.info/gnd/4179998-7</subfield>
							<subfield code="0">(DE-101)041799984</subfield>
							<subfield code="a">Monografische Reihe</subfield>
							<subfield code="2">gnd-content</subfield>
						</datafield>
						<datafield tag="655" ind1=" " ind2="7">
							<subfield code="0">(DE-588)4077211-1</subfield>
							<subfield code="0">https://d-nb.info/gnd/4077211-1</subfield>
							<subfield code="0">(DE-101)04077211X</subfield>
							<subfield code="a">Schulprogramm</subfield>
							<subfield code="2">gnd-content</subfield>
						</datafield>
						<datafield tag="787" ind1="0" ind2="8">
							<subfield code="i">N.F.5=84; 7=85 von</subfield>
							<subfield code="a">Städtisches Realgymnasium (Reformschule) zu Barmen</subfield>
							<subfield code="t">Jahresbericht über das Städtische Realgymnasium (Reformschule) zu Barmen</subfield>
							<subfield code="d">Barmen : Wandt, 1907-1922</subfield>
							<subfield code="w">(DE-600)1237344-8</subfield>
							<subfield code="w">(DE-101)017630215</subfield>
						</datafield>
					</record>

					<record type="Holdings">
						<leader>00000ny  a22000003n 4500</leader>
						<controlfield tag="001">626388228</controlfield>
						<controlfield tag="003">DE-101</controlfield>
						<controlfield tag="005">20190611123951.0</controlfield>
						<controlfield tag="008">190611||||||||||||||||ger|||||||</controlfield>
						<datafield tag="092" ind1=" " ind2=" ">
							<subfield code="a">568101-7</subfield>
							<subfield code="d">Sol 1</subfield>
							<subfield code="k">NRW</subfield>
							<subfield code="l">b</subfield>
							<subfield code="o">d</subfield>
						</datafield>
						<datafield tag="852" ind1=" " ind2="1">
							<subfield code="c">MA 441</subfield>
							<subfield code="9">00</subfield>
						</datafield>
						<datafield tag="852" ind1=" " ind2=" ">
							<subfield code="a">DE-Sol1</subfield>
						</datafield>
						<datafield tag="859" ind1="0" ind2="0">
							<subfield code="8">1.1\x</subfield>
							<subfield code="a">3</subfield>
							<subfield code="i">1910</subfield>
						</datafield>
						<datafield tag="859" ind1="0" ind2="0">
							<subfield code="8">2.1\x</subfield>
							<subfield code="a">9</subfield>
							<subfield code="i">1926</subfield>
						</datafield>
						<datafield tag="866" ind1="3" ind2="0">
							<subfield code="a">N.F. 3.1910; 9.1926</subfield>
						</datafield>
						<datafield tag="933" ind1=" " ind2=" ">
							<subfield code="a">CC0</subfield>
						</datafield>
					</record>
					<record type="Holdings">
						<leader>00000ny  a22000003n 4500</leader>
						<controlfield tag="001">145454606</controlfield>
						<controlfield tag="003">DE-101</controlfield>
						<controlfield tag="005">20190125113454.0</controlfield>
						<controlfield tag="008">081127||||||||||||||||ger|||||||</controlfield>
						<datafield tag="092" ind1=" " ind2=" ">
							<subfield code="a">916000-0</subfield>
							<subfield code="d">B 478</subfield>
							<subfield code="k">BER</subfield>
							<subfield code="l">a</subfield>
							<subfield code="o">b</subfield>
						</datafield>
						<datafield tag="852" ind1=" " ind2=" ">
							<subfield code="8">1</subfield>
						</datafield>
						<datafield tag="852" ind1=" " ind2="1">
							<subfield code="c">2 AS 2353</subfield>
							<subfield code="9">00</subfield>
						</datafield>
						<datafield tag="852" ind1=" " ind2=" ">
							<subfield code="a">DE-B478</subfield>
						</datafield>
						<datafield tag="859" ind1="0" ind2="0">
							<subfield code="8">1.1\x</subfield>
							<subfield code="a">5</subfield>
							<subfield code="i">1913</subfield>
						</datafield>
						<datafield tag="866" ind1="3" ind2="0">
							<subfield code="a">N.F. 5.1913</subfield>
						</datafield>
						<datafield tag="933" ind1=" " ind2=" ">
							<subfield code="a">CC0</subfield>
						</datafield>
					</record>
				</collection>
			</recordData>
			<recordPosition>9</recordPosition>
		</record>